3509 5317
903 490 1081 553 -416-

967 755 1015 823 X.

376 961 538 1031 instructio
554 962 590 1030 S.
607 965 640 1031 G.
657 962 690 1032 S.
706 963 1097 1033 llilicii20iunii1883ad
1114 964 1321 1042 Patrisrobes
1338 965 1613 1051 lrcbiepisoopos,

425 1117 427 1121 ,
448 1060 618 1146 [piscopos
633 1060 808 1129 orientales
832 1062 867 1129 dc
891 1063 997 1131 causis
1013 1062 1282 1131 matrimonialibus
1299 1065 1537 1144 pertractandis.

443 1274 772 1356 Quemadmodum
799 1271 1023 1343 matrimonii
1051 1270 1185 1347 foedus
1212 1278 1406 1362 tamquam
1439 1275 1611 1345 officium
1743 1286 1744 1355 ζ

363 1384 532 1467 ,naturae
555 1382 648 1469 proli
677 1381 907 1467 educandae,
932 1380 1090 1468 aliisque
1113 1381 1268 1449 maximi
1294 1382 1474 1450 momenti
1500 1384 1613 1453 bonis
1743 1432 1744 1441 ,

374 1489 650 1577 consequendis
675 1495 893 1578 perpetuam
928 1493 964 1557 et
995 1487 1222 1558 individuam
1249 1489 1343 1559 vitae
1373 1491 1613 1559 consuetudi·

374 1612 462 1665 nern
485 1597 579 1666 inter
603 1598 783 1686 coniuges
806 1596 939 1685 exigit,
954 1606 990 1665 et
1013 1614 1058 1664 eo
1082 1596 1248 1666 sanctius
1266 1602 1461 1685 tamquam
1485 1597 1613 1666 Eccle-

371 1703 452 1773 siae
476 1703 763 1774 Sacramentum
780 1704 1041 1775 indissolubile
1057 1705 1103 1773 sit
1118 1710 1272 1792 oportet,
1289 1706 1410 1775 aiente
1426 1707 1610 1776 Domino:

374 1808 604 1898 quoduam
628 1810 842 1897 coniunxit,
868 1812 979 1881 bomo
1002 1830 1078 1880 non
1102 1818 1253 1903 separet
1265 1832 1282 1897 ;
1305 1812 1351 1882 ita
1379 1831 1455 1881 non
1481 1814 1612 1883 minus

374 1917 527 2005 quando
550 1938 638 1989 cum
655 1920 780 2008 aliquo
795 1939 846 1989 ex
862 1919 1150 2007 impedimentis,
1168 1940 1266 2008 quae
1289 1920 1499 1992 dirimentis
1517 1941 1613 1990 nun·

374 2032 569 2114 cupantur,
594 2028 724 2096 initum
752 2034 864 2116 atque
895 2028 1032 2098 idcirco
1058 2046 1190 2097 verum
1223 2028 1507 2098 matrimonium
1531 2048 1610 2099 non
1743 2076 1744 2079 π

373 2132 490 2221 luerit,
515 2154 536 2204 a
562 2135 721 2224 legitima
750 2136 913 2206 Ecclesia
938 2141 1129 2223 potestate,
1154 2135 1342 2223 adquam
1366 2154 1508 2206 causae
1532 2156 1611 2209 uta·

374 2243 603 2312 brimoniaies
627 2245 736 2314 unice
759 2249 938 2332 spectant,
956 2244 1097 2314 irritum
1123 2261 1168 2313 ac
1192 2243 1337 2321 nullum
1363 2249 1401 2314 ut
1424 2244 1611 2314 iudicetur

375 2370 444 2421 seu
469 2350 688 2448 declaretur,
713 2353 794 2439 ipsa
818 2351 1049 2422 Sacramenti
1066 2351 1236 2441 dignitas,
1262 2353 1354 2422 ratio
1378 2352 1548 2439 iustitiae,
1573 2358 1610 2423 el

374 2458 586 2529 animarum
610 2458 716 2528 salus
739 2459 910 2546 postulat

442 2562 583 2635 Verum
608 2571 747 2654 quanto
771 2567 893 2637 studio
911 2573 1127 2655 quantaque
1142 2566 1293 2638 solertia
1316 2586 1414 2655 opus
1439 2569 1496 2653 sit,
1515 2568 1606 2637 utin

376 2672 532 2761 singulis
554 2674 706 2744 casibus
730 2673 888 2755 alicuius
903 2674 1157 2760 impedimenti
1180 2674 1386 2743 dirimentis
1409 2675 1606 2745 existentia

374 2778 493 2848 solide
515 2781 791 2867 comprobetur,
825 2781 1051 2868 experientia
1081 2781 1294 2868 quotidiana
1319 2786 1485 2851 testatur.
1510 2783 1605 2851 Nam

374 2888 409 2952 et
432 2886 611 2956 nonnulla
636 2887 900 2974 impedimenta
926 2892 1015 2957 sunt
1037 2888 1117 2976 ipsa
1135 2907 1203 2976 per
1223 2907 1308 2957 sese
1331 2888 1493 2976 probatu
1518 2887 1606 2957 diiii·
1734 2932 1745 2963 o

373 2991 519 3078 cillima,
543 3001 579 3063 et
612 3013 725 3083 saepe
749 2995 908 3084 contigit,
934 3002 974 3065 ut
1000 2993 1093 3065 lacta
1118 3015 1168 3066 ex
1197 2997 1335 3084 quibus
1365 2996 1604 3083 probationes
1735 2990 1744 3055 Ἷ

334 3154 337 3159 .
373 3100 453 3167 erui
476 3099 622 3187 debent,
646 3103 694 3171 ita
708 3103 781 3172 sint
799 3104 974 3191 implexa,
992 3103 1110 3191 iisque
1125 3104 1412 3171 circumstantiis
1428 3102 1602 3188 involuta,

373 3213 414 3276 ut
437 3207 649 3281 difficillime
673 3213 805 3282 eadem
830 3212 1019 3299 explicari,
1044 3217 1080 3282 ei
1102 3212 1150 3282 de
1166 3211 1298 3281 iisdem
1322 3209 1502 3280 iudicium
1526 3229 1604 3299 pro

372 3312 458 3384 ferri
482 3324 603 3405 queat.
628 3321 723 3389 Hinc
746 3325 812 3407 est,
837 3319 940 3408 quod
966 3320 1101 3389 Sancta
1130 3319 1249 3389 Sedes
1273 3338 1342 3407 pro
1365 3337 1408 3387 es
1434 3318 1603 3388 sollicitu-

372 3425 466 3511 dine,
491 3444 566 3513 qua
591 3427 677 3496 tanti
706 3426 937 3498 Sacramenii
967 3425 1141 3514 dignitati,
1172 3425 1480 3494 administrationi
1505 3425 1603 3494 inso-

371 3533 453 3621 tiae,
477 3536 513 3603 et
536 3533 748 3604 animarum
766 3532 875 3603 saluti
892 3538 1047 3603 cautum
1064 3551 1216 3619 semper
1239 3532 1364 3617 voluit,
1390 3549 1601 3620 numquam

372 3641 505 3727 omisit,
537 3640 642 3710 editis
672 3647 883 3729 opportune
914 3642 993 3709 sive
1024 3641 1353 3710 constitutionibus
1379 3640 1602 3726 Apostolicis

371 3749 451 3818 sive
475 3749 790 3835 instructionibus,
816 3749 967 3837 regulas
991 3748 1257 3836 praescribere,
1282 3765 1445 3835 quarum
1471 3766 1545 3835 ope
1566 3749 1600 3815 in
1733 3732 1739 3811 s

369 3856 522 3926 casibus
538 3858 648 3928 eiiam
673 3855 940 3926 difficilioribus
966 3857 1104 3925 veritas
1120 3861 1199 3925 tuto
1223 3855 1344 3945 detegi
1362 3863 1398 3927 et
1421 3856 1600 3926 iudicium
1737 3858 1738 3861 ’

371 3969 470 4034 recte
494 3963 577 4033 ferri
602 3971 739 4051 posset.

437 4073 673 4159 Experientia
698 4079 821 4142 tamen
847 4077 1082 4158 compertum
1107 4082 1173 4157 est,
1192 4071 1436 4156 Patriarchas,
1455 4074 1600 4143 Archie·

370 4168 555 4265 piscopos,
579 4190 616 4248 et
638 4180 844 4267 Episcopos
873 4179 1109 4248 diversorum
1135 4179 1274 4248 rituum
1291 4179 1529 4248 orientalium
1553 4179 1599 4248 ob

370 4285 553 4371 speciales
576 4285 816 4372 conditiones,
841 4286 877 4353 in
906 4286 1044 4374 quibus
1075 4305 1208 4354 eorum
1236 4284 1428 4354 dioeceses
1453 4300 1597 4355 versan-

369 4398 440 4479 tur,
465 4411 541 4460 non
564 4412 715 4481 semper
739 4412 852 4481 posse
876 4393 1007 4463 iisdem
1028 4393 1249 4481 Apostolicis
1272 4392 1598 4461 Constitutionibus

369 4505 481 4587 atque
505 4499 813 4570 instructionibus
836 4500 963 4589 quoad
988 4501 1114 4570 omnia
1148 4519 1233 4570 sese
1257 4498 1507 4585 conformare,
1526 4516 1597 4587 neo

368 4608 524 4697 proinde
547 4628 700 4698 semper
717 4609 899 4698 consequi
922 4609 1072 4696 plenam
1098 4607 1198 4678 illam
1215 4625 1469 4695 processuum
1494 4617 1530 4677 et
1552 4607 1598 4675 iu·
