3509 5317
604 600 607 605 ,
682 527 861 588 -181-

224 664 333 745 Quod
358 664 388 733 si
413 664 462 733 ob
486 663 666 750 locorum,
692 672 922 753 temporum,
946 683 1195 752 personarum
1216 666 1387 737 adiuncta

83 836 88 845 ,
151 766 236 838 fleri
260 776 435 857 nequeat,
460 774 500 840 ut
522 776 698 842 accurate
721 772 847 843 omnia
864 777 901 842 et
915 771 1061 860 singula
1078 777 1276 842 serventur
1291 793 1390 860 quae

152 874 192 942 in
217 875 325 949 citata
349 877 584 949 Benedictina
610 879 920 967 praescribuntur
940 879 1216 966 Constitutione,
1233 880 1389 951 obtineri

153 985 290 1068 poterit
313 986 438 1073 Papae
462 988 692 1075 dispensatio
728 989 776 1058 ab
811 994 987 1059 accurata
1021 989 1230 1065 eorundem
1264 990 1390 1060 obser·

154 1092 280 1160 vantia
299 1089 322 1178 ¹,
345 1093 382 1161 in
408 1092 720 1191 substantialibus
743 1100 889 1166 tantum
913 1096 1099 1167 servanda
1123 1098 1170 1167 ad
1197 1099 1388 1166 veritatem

155 1199 377 1288 eruendam,
402 1208 437 1272 et
461 1203 504 1272 iis
528 1205 748 1289 praesertim
774 1223 873 1293 quae
897 1205 944 1274 ad
969 1202 1175 1276 defensoris
1210 1205 1392 1292 pertinent

153 1326 310 1379 munus.

220 1419 255 1486 3.
281 1419 474 1499 Quaedam
501 1424 629 1490 autem
656 1437 723 1505 pro
748 1421 857 1507 praxi
881 1420 928 1490 ad
953 1438 1176 1508 processum
1198 1417 1391 1489 conficien-

153 1525 249 1593 dum
275 1525 334 1594 bic
357 1526 523 1605 innuisse
545 1527 694 1598 iuvabit.

222 1630 263 1700 Si
287 1632 567 1704 matrimonium
598 1635 723 1723 itaque
746 1635 875 1705 initum
893 1632 1002 1705 inerit
1016 1653 1103 1705 cum
1121 1634 1247 1723 aliquo
1262 1653 1311 1704 ex
1328 1633 1391 1703 im·

153 1737 378 1824 pedimentis
401 1741 480 1811 sive
504 1741 642 1830 divino,
667 1742 826 1813 naturali
852 1743 912 1811 vel
937 1743 1105 1831 positivo,
1122 1744 1202 1812 sive
1222 1742 1391 1813 ecclesia·

152 1847 249 1916 stieo
274 1849 354 1919 iure
377 1849 650 1937 dirimentibus,
676 1850 924 1922 ecclesiastica
949 1855 1123 1940 potestas,
1148 1870 1217 1920 seu
1242 1851 1392 1921 Ordina-

153 1955 237 2022 rius
260 1962 489 2044 competens,
516 1964 556 2028 ut
581 1977 697 2047 supra
723 1958 861 2029 dictum
888 1973 945 2030 est
961 1956 983 2045 ²,
1008 1960 1055 2028 de
1078 1960 1175 2029 sacri
1193 1960 1304 2030 buius
1320 1958 1392 2030 foe

153 2061 258 2132 deris
282 2063 514 2134 iudicaturus
538 2065 686 2153 valore,
711 2063 988 2136 accusationem
1012 2070 1140 2137 contra
1175 2066 1265 2135 illud
1296 2066 1393 2136 exci-

150 2170 274 2257 pieta
301 2172 473 2257 personis
508 2191 607 2261 quae
632 2173 714 2244 iure
746 2174 939 2242 communi
971 2174 1019 2243 ad
1045 2173 1324 2243 matrimonium
1353 2174 1387 2242 in

153 2279 283 2367 specie
306 2281 563 2350 accusandum
602 2280 843 2351 declarantur
875 2280 1018 2351 habiles
1034 2277 1056 2347 ⁸.
1093 2282 1132 2349 In
1163 2281 1390 2368 quibusdam

154 2388 256 2456 enim
283 2387 568 2476 impedimentis
595 2396 636 2459 ut
660 2389 772 2476 paulo
798 2368 1045 2459 antedictum
1071 2394 1136 2474 est,
1162 2389 1389 2477 ipsitantum

154 2495 339 2586 coniuges
362 2497 409 2567 ad
434 2498 695 2569 accusandum
719 2497 980 2582 admittuntnr3
1005 2496 1040 2564 in
1065 2496 1145 2566 aliis
1168 2498 1392 2567 eorumdem

155 2609 343 2693 parentes,
369 2603 426 2672 vel
450 2604 561 2673 etiam
587 2603 744 2691 quilibet
769 2605 816 2674 de
840 2604 1003 2693 popuio;
1027 2623 1072 2674 ac
1095 2604 1256 2692 denique
1279 2623 1329 2673 ex
1344 2601 1394 2672 of·

153 2705 241 2780 flcio
264 2713 376 2785 etiam
411 2707 599 2799 inquisitio
633 2710 716 2781 fleri
754 2717 894 2801 potest,
920 2717 956 2781 et
989 2710 1191 2799 aliquando
1225 2710 1345 2780 debet.
1368 2746 1392 2757 ·

156 2820 303 2907 Scripto
327 2824 452 2889 autem
476 2817 556 2888 fleri
581 2819 695 2889 debet
709 2819 909 2889 accusatio.
935 2818 1042 2901 Quod
1058 2819 1089 2888 si
1107 2823 1281 2888 oretenus
1297 2815 1389 2887 facta

155 2926 268 2997 fuerit
289 2944 419 2996 coram
443 2926 607 3014 legitimo
635 2926 839 3009 Ordinario,
864 2923 1048 2995 iudicialis
1071 2925 1206 2995 deinde
1221 2924 1316 2995 effici
1331 2924 1392 2994 de·

156 3034 291 3103 bet‘ad
315 3033 406 3101 iuris
430 3034 606 3102 tramites.
633 3070 657 3080 -
681 3033 915 3120 Propositum
940 3032 1217 3103 accusationem
1243 3030 1392 3101 sende

158 3140 435 3211 nunciationem
461 3141 681 3210 Ordinarius
706 3140 903 3228 accipiens,
928 3146 1100 3229 satagere
1122 3140 1242 3226 debet,
1261 3147 1300 3208 ut
1315 3157 1390 3208 una

157 3266 246 3317 cum
271 3266 319 3316 ea
341 3266 458 3336 agens
493 3253 623 3318 contra
655 3249 933 3318 matrimonium
970 3267 1039 3318 seu
1074 3247 1163 3318 illud
1195 3265 1390 3333 accusans,

158 3355 285 3425 omnia
310 3355 422 3425 etiam
446 3356 482 3422 in
507 3372 599 3424 casu
625 3356 884 3425 concurrentia
913 3357 1123 3426 necessaria
1149 3355 1321 3425 adiuncta
1356 3360 1393 3423 et

226 3662 236 3699 ¹
259 3659 411 3738 Suprema
433 3660 465 3720 S.
483 3660 519 3721 Ο.
537 3660 744 3739 Gongregatio
765 3662 880 3738 passim
902 3660 1060 3737 dispensat
1089 3662 1129 3719 ab
1160 3667 1308 3720 accurata
1334 3662 1389 3719 eit.

160 3759 266 3819 const.
289 3759 499 3830 observantia,
525 3765 655 3818 servata
687 3766 799 3817 tamen
832 3761 869 3816 in
901 3757 1187 3825 substentz‘olibm,
1208 3759 1390 3836 praesertim

159 3874 213 3933 pro
236 3854 375 3915 iudiciali
399 3855 585 3916 conficiendo
615 3874 757 3933 processu
779 3857 858 3935 apud
880 3856 1068 3915 Orientaies.
1092 3857 1126 3916 Id
1147 3861 1250 3915 autem
1282 3856 1393 3932 probat

157 3952 235 4029 quod
268 3951 364 4014 otiam
386 3952 564 4012 Orientales
585 3953 624 4012 ad
654 3954 742 4014 illius
764 3953 1002 4014 Constitutionis
1030 3953 1258 4012 observantiam
1288 3958 1394 4011 tenen·

158 4055 222 4123 tur,
247 4056 283 4111 ut
313 4055 435 4112 constat
466 4052 562 4112 etiam
594 4071 633 4111 ex
665 4052 927 4112 declarationibus
958 4053 990 4111 S.
1015 4052 1049 4112 Ο.
1073 4053 1245 4112 christiano
1276 4051 1390 4110 nomini

158 4149 357 4232 propagando
377 4149 621 4228 praepositae·
642 4150 786 4210 Ceterum
807 4156 997 4227 compertum
1020 4150 1159 4210 omnibus
1179 4153 1239 4223 est,
1262 4149 1394 4210 Pontifi-

160 4249 225 4306 eias
240 4246 494 4318 constitutiones,
510 4266 588 4325 quae
609 4249 647 4307 ad
669 4248 759 4308 fldem
780 4266 817 4308 ac
833 4266 934 4307 mores
954 4248 1102 4320 attinent,
1124 4249 1269 4325 quidquid
1291 4248 1328 4307 de
1344 4266 1394 4305 ce-

159 4345 248 4417 teris,
272 4340 311 4404 ad
332 4346 509 4406 Orientaies
540 4346 636 4406 etiam
658 4347 814 4406 Ecclesiae
835 4346 970 4405 extendi.
996 4346 1082 4406 Inter
1104 4347 1160 4405 has
1191 4364 1265 4406 vero
1286 4363 1394 4404 accen·

160 4450 246 4505 satur
266 4445 367 4506 citata
388 4446 500 4505 Benod.
525 4446 600 4506 XIV
622 4445 741 4517 Oonst„
765 4449 799 4505 ut
819 4449 916 4522 patet.

221 4544 240 4583 '²
262 4544 362 4622 Oapnt
381 4562 483 4622 praee.
513 4544 541 4604 1.
565 4546 605 4604 de
626 4547 695 4618 foro
716 4551 926 4619 competente.

229 4642 329 4703 ”Cin
352 4643 493 4722 praeced.
518 4652 620 4718 capot
638 4645 673 4704 2.
