<?xml version="1.0" encoding="UTF-8"?>
<!DOCTYPE html PUBLIC "-//W3C//DTD XHTML 1.0 Transitional//EN"
    "http://www.w3.org/TR/xhtml1/DTD/xhtml1-transitional.dtd">
<html xmlns="http://www.w3.org/1999/xhtml" xml:lang="en" lang="en">
 <head>
  <title>
</title>
<meta http-equiv="Content-Type" content="text/html;charset=utf-8" />
  <meta name='ocr-system' content='tesseract 3.04.00' />
  <meta name='ocr-capabilities' content='ocr_page ocr_carea ocr_par ocr_line ocrx_word'/>
</head>
<body>
  <div class='ocr_page' id='page_1' title='image "./decausismatrimo00mansgoog_0033.png"; bbox 0 0 3509 5317; ppageno 0'>
   <div class='ocr_carea' id='block_1_1' title="bbox 717 521 878 582">
    <p class='ocr_par' dir='ltr' id='par_1_1' title="bbox 717 521 878 582">
     <span class='ocr_line' id='line_1_1' title="bbox 717 521 878 582; baseline 0 -13"><span class='ocrx_word' id='word_1_1' title='bbox 717 521 878 582; x_wconf 77' lang='grc'>..19-</span> 
     </span>
    </p>
   </div>
   <div class='ocr_carea' id='block_1_2' title="bbox 136 653 1484 3864">
    <p class='ocr_par' dir='ltr' id='par_1_2' title="bbox 177 653 1416 1271">
     <span class='ocr_line' id='line_1_2' title="bbox 177 653 1412 747; baseline 0.002 -18"><span class='ocrx_word' id='word_1_2' title='bbox 177 677 297 747; x_wconf 82' lang='lat' dir='ltr'>quam</span> <span class='ocrx_word' id='word_1_3' title='bbox 331 658 446 729; x_wconf 88' lang='lat' dir='ltr'>huius</span> <span class='ocrx_word' id='word_1_4' title='bbox 481 657 672 729; x_wconf 87' lang='lat' dir='ltr'>secundae</span> <span class='ocrx_word' id='word_1_5' title='bbox 695 653 901 729; x_wconf 81' lang='lat' dir='ltr'>sententiae</span> <span class='ocrx_word' id='word_1_6' title='bbox 925 661 1070 747; x_wconf 90' lang='lat' dir='ltr'>patroni</span> <span class='ocrx_word' id='word_1_7' title='bbox 1095 665 1230 745; x_wconf 88' lang='lat' dir='ltr'>tenent,</span> <span class='ocrx_word' id='word_1_8' title='bbox 1257 679 1412 731; x_wconf 90' lang='lat' dir='ltr'>consen·</span> 
     </span>
     <span class='ocr_line' id='line_1_3' title="bbox 177 767 1415 858; baseline 0.003 -21"><span class='ocrx_word' id='word_1_9' title='bbox 177 786 268 837; x_wconf 88' lang='lat' dir='ltr'>sum</span> <span class='ocrx_word' id='word_1_10' title='bbox 292 767 441 855; x_wconf 89' lang='lat' dir='ltr'>puellae</span> <span class='ocrx_word' id='word_1_11' title='bbox 464 768 501 836; x_wconf 95' lang='lat' dir='ltr'>in</span> <span class='ocrx_word' id='word_1_12' title='bbox 519 771 686 854; x_wconf 88' lang='lat' dir='ltr'>raptum,</span> <span class='ocrx_word' id='word_1_13' title='bbox 706 767 869 837; x_wconf 85' lang='lat' dir='ltr'>indolem</span> <span class='ocrx_word' id='word_1_14' title='bbox 886 772 1018 855; x_wconf 90' lang='lat' dir='ltr'>raptus</span> <span class='ocrx_word' id='word_1_15' title='bbox 1034 786 1109 838; x_wconf 92' lang='lat' dir='ltr'>non</span> <span class='ocrx_word' id='word_1_16' title='bbox 1134 769 1338 858; x_wconf 89' lang='lat' dir='ltr'>destruere,</span> <span class='ocrx_word' id='word_1_17' title='bbox 1364 791 1415 841; x_wconf 84' lang='lat' dir='ltr'>ax</span> 
     </span>
     <span class='ocr_line' id='line_1_4' title="bbox 180 875 1416 967; baseline 0.002 -20"><span class='ocrx_word' id='word_1_18' title='bbox 180 897 227 947; x_wconf 89' lang='lat' dir='ltr'>eo</span> <span class='ocrx_word' id='word_1_19' title='bbox 250 880 425 963; x_wconf 89' lang='lat' dir='ltr'>repetunt</span> <span class='ocrx_word' id='word_1_20' title='bbox 454 876 556 963; x_wconf 83' lang='lat' dir='ltr'>quod</span> <span class='ocrx_word' id='word_1_21' title='bbox 588 875 773 945; x_wconf 90' lang='lat' dir='ltr'>eiusmodi</span> <span class='ocrx_word' id='word_1_22' title='bbox 797 893 1010 946; x_wconf 80' lang='lat' dir='ltr'>consensus</span> <span class='ocrx_word' id='word_1_23' title='bbox 1034 877 1081 946; x_wconf 95' lang='lat' dir='ltr'>ab</span> <span class='ocrx_word' id='word_1_24' title='bbox 1105 877 1247 948; x_wconf 86' lang='lat' dir='ltr'>insidiis</span> <span class='ocrx_word' id='word_1_25' title='bbox 1270 880 1416 967; x_wconf 88' lang='lat' dir='ltr'>nequis·</span> 
     </span>
     <span class='ocr_line' id='line_1_5' title="bbox 178 981 1416 1072; baseline 0.001 -17"><span class='ocrx_word' id='word_1_26' title='bbox 178 985 265 1056; x_wconf 87' lang='lat' dir='ltr'>simi</span> <span class='ocrx_word' id='word_1_27' title='bbox 288 981 453 1053; x_wconf 89' lang='lat' dir='ltr'>hominis</span> <span class='ocrx_word' id='word_1_28' title='bbox 475 983 646 1069; x_wconf 89' lang='lat' dir='ltr'>rapinam</span> <span class='ocrx_word' id='word_1_29' title='bbox 671 981 883 1053; x_wconf 88' lang='lat' dir='ltr'>meditantis</span> <span class='ocrx_word' id='word_1_30' title='bbox 907 983 1102 1072; x_wconf 79' lang='lat' dir='ltr'>inducitur,</span> <span class='ocrx_word' id='word_1_31' title='bbox 1119 990 1155 1056; x_wconf 90' lang='lat' dir='ltr'>et</span> <span class='ocrx_word' id='word_1_32' title='bbox 1178 986 1416 1056; x_wconf 79' lang='lat' dir='ltr'>ideo&#39;niolen-</span> 
     </span>
     <span class='ocr_line' id='line_1_6' title="bbox 181 1087 1416 1178; baseline 0.002 -17"><span class='ocrx_word' id='word_1_33' title='bbox 181 1090 234 1161; x_wconf 83' lang='lat' dir='ltr'>tiu</span> <span class='ocrx_word' id='word_1_34' title='bbox 265 1089 419 1159; x_wconf 90' lang='lat' dir='ltr'>moralis</span> <span class='ocrx_word' id='word_1_35' title='bbox 448 1089 518 1178; x_wconf 89' lang='lat' dir='ltr'>ipsi</span> <span class='ocrx_word' id='word_1_36' title='bbox 549 1088 694 1159; x_wconf 89' lang='lat' dir='ltr'>mulieri</span> <span class='ocrx_word' id='word_1_37' title='bbox 729 1088 900 1174; x_wconf 79' lang='lat' dir='ltr'>infertur,</span> <span class='ocrx_word' id='word_1_38' title='bbox 926 1087 1102 1177; x_wconf 82' lang='lat' dir='ltr'>quamvis</span> <span class='ocrx_word' id='word_1_39' title='bbox 1131 1092 1299 1162; x_wconf 89' lang='lat' dir='ltr'>videatur</span> <span class='ocrx_word' id='word_1_40' title='bbox 1331 1113 1416 1163; x_wconf 90' lang='lat' dir='ltr'>con·</span> 
     </span>
     <span class='ocr_line' id='line_1_7' title="bbox 179 1201 328 1271; baseline -0.027 0"><span class='ocrx_word' id='word_1_41' title='bbox 179 1201 328 1271; x_wconf 90' lang='lat' dir='ltr'>sentire.</span> 
     </span>
    </p>

    <p class='ocr_par' dir='ltr' id='par_1_3' title="bbox 136 1305 1484 3864">
     <span class='ocr_line' id='line_1_8' title="bbox 248 1305 1415 1397; baseline 0.001 -20"><span class='ocrx_word' id='word_1_42' title='bbox 248 1311 280 1377; x_wconf 90' lang='lat'>7.</span> <span class='ocrx_word' id='word_1_43' title='bbox 296 1307 400 1377; x_wconf 90' lang='lat' dir='ltr'>Haec</span> <span class='ocrx_word' id='word_1_44' title='bbox 412 1310 538 1377; x_wconf 88' lang='lat' dir='ltr'>autem</span> <span class='ocrx_word' id='word_1_45' title='bbox 554 1307 737 1376; x_wconf 88' lang='lat' dir='ltr'>sententia</span> <span class='ocrx_word' id='word_1_46' title='bbox 754 1305 962 1377; x_wconf 80' lang='lat' dir='ltr'>luculenter</span> <span class='ocrx_word' id='word_1_47' title='bbox 979 1306 1226 1378; x_wconf 83' lang='lat' dir='ltr'>confirmatur</span> <span class='ocrx_word' id='word_1_48' title='bbox 1242 1309 1415 1397; x_wconf 91' lang='lat' dir='ltr'>pluribus</span> 
     </span>
     <span class='ocr_line' id='line_1_9' title="bbox 180 1413 1413 1503; baseline -0.001 -17"><span class='ocrx_word' id='word_1_49' title='bbox 180 1433 314 1486; x_wconf 90' lang='lat' dir='ltr'>sacrae</span> <span class='ocrx_word' id='word_1_50' title='bbox 338 1414 644 1503; x_wconf 78' lang='lat' dir='ltr'>congregationis</span> <span class='ocrx_word' id='word_1_51' title='bbox 668 1413 817 1483; x_wconf 88' lang='lat' dir='ltr'>Concilii</span> <span class='ocrx_word' id='word_1_52' title='bbox 840 1414 1174 1500; x_wconf 78' lang='lat' dir='ltr'>declarationibus,</span> <span class='ocrx_word' id='word_1_53' title='bbox 1212 1434 1330 1503; x_wconf 83' lang='lat' dir='ltr'>quaS,</span> <span class='ocrx_word' id='word_1_54' title='bbox 1366 1417 1413 1487; x_wconf 94' lang='lat' dir='ltr'>ad</span> 
     </span>
     <span class='ocr_line' id='line_1_10' title="bbox 179 1520 1413 1610; baseline 0.002 -19"><span class='ocrx_word' id='word_1_55' title='bbox 179 1524 280 1593; x_wconf 90' lang='lat' dir='ltr'>hanc</span> <span class='ocrx_word' id='word_1_56' title='bbox 304 1521 432 1609; x_wconf 77' lang='lat' dir='ltr'>magni</span> <span class='ocrx_word' id='word_1_57' title='bbox 455 1520 607 1608; x_wconf 89' lang='lat' dir='ltr'>quidem</span> <span class='ocrx_word' id='word_1_58' title='bbox 624 1521 660 1588; x_wconf 93' lang='lat' dir='ltr'>in</span> <span class='ocrx_word' id='word_1_59' title='bbox 679 1521 788 1608; x_wconf 85' lang='lat' dir='ltr'>praxi</span> <span class='ocrx_word' id='word_1_60' title='bbox 805 1522 985 1590; x_wconf 85' lang='lat' dir='ltr'>momenti</span> <span class='ocrx_word' id='word_1_61' title='bbox 1004 1520 1124 1591; x_wconf 86' lang='lat' dir='ltr'>fusius</span> <span class='ocrx_word' id='word_1_62' title='bbox 1140 1522 1413 1610; x_wconf 89' lang='lat' dir='ltr'>enucleandam</span> 
     </span>
     <span class='ocr_line' id='line_1_11' title="bbox 178 1626 1416 1718; baseline 0 -19"><span class='ocrx_word' id='word_1_63' title='bbox 178 1627 452 1718; x_wconf 83' lang='lat' dir='ltr'>quaestionem,</span> <span class='ocrx_word' id='word_1_64' title='bbox 476 1627 622 1715; x_wconf 80' lang='lat' dir='ltr'>collegit</span> <span class='ocrx_word' id='word_1_65' title='bbox 655 1632 691 1697; x_wconf 90' lang='lat' dir='ltr'>et</span> <span class='ocrx_word' id='word_1_66' title='bbox 725 1626 924 1699; x_wconf 87' lang='lat' dir='ltr'>illustravit</span> <span class='ocrx_word' id='word_1_67' title='bbox 957 1635 1089 1699; x_wconf 88' lang='lat' dir='ltr'>auctor</span> <span class='ocrx_word' id='word_1_68' title='bbox 1125 1629 1416 1717; x_wconf 77' lang='lat' dir='ltr'>ephemeridem-</span> 
     </span>
     <span class='ocr_line' id='line_1_12' title="bbox 179 1735 1415 1823; baseline 0.001 -18"><span class='ocrx_word' id='word_1_69' title='bbox 179 1754 439 1821; x_wconf 90' lang='lat' dir='ltr'>romanarum,</span> <span class='ocrx_word' id='word_1_70' title='bbox 464 1735 602 1823; x_wconf 88' lang='lat' dir='ltr'>quibus</span> <span class='ocrx_word' id='word_1_71' title='bbox 625 1739 706 1806; x_wconf 90' lang='lat' dir='ltr'>acta</span> <span class='ocrx_word' id='word_1_72' title='bbox 740 1741 894 1806; x_wconf 88' lang='lat' dir='ltr'>sanctae</span> <span class='ocrx_word' id='word_1_73' title='bbox 929 1736 1037 1806; x_wconf 88' lang='lat' dir='ltr'>Sedis</span> <span class='ocrx_word' id='word_1_74' title='bbox 1071 1736 1107 1804; x_wconf 95' lang='lat' dir='ltr'>in</span> <span class='ocrx_word' id='word_1_75' title='bbox 1143 1737 1266 1808; x_wconf 92' lang='lat' dir='ltr'>lucem</span> <span class='ocrx_word' id='word_1_76' title='bbox 1302 1738 1415 1808; x_wconf 90' lang='lat' dir='ltr'>edun-</span> 
     </span>
     <span class='ocr_line' id='line_1_13' title="bbox 179 1842 1417 1932; baseline -0.002 -18"><span class='ocrx_word' id='word_1_77' title='bbox 179 1849 243 1915; x_wconf 91' lang='lat' dir='ltr'>tur</span> <span class='ocrx_word' id='word_1_78' title='bbox 268 1842 290 1907; x_wconf 86' lang='lat'>¹.</span> <span class='ocrx_word' id='word_1_79' title='bbox 327 1845 449 1925; x_wconf 87' lang='lat' dir='ltr'>Quam</span> <span class='ocrx_word' id='word_1_80' title='bbox 479 1842 663 1912; x_wconf 89' lang='lat' dir='ltr'>eruditam</span> <span class='ocrx_word' id='word_1_81' title='bbox 688 1842 994 1930; x_wconf 82' lang='lat' dir='ltr'>disceptationem</span> <span class='ocrx_word' id='word_1_82' title='bbox 1018 1843 1191 1915; x_wconf 78' lang='lat' dir='ltr'>claritatis</span> <span class='ocrx_word' id='word_1_83' title='bbox 1221 1849 1258 1914; x_wconf 90' lang='lat' dir='ltr'>et</span> <span class='ocrx_word' id='word_1_84' title='bbox 1283 1862 1417 1932; x_wconf 91' lang='lat' dir='ltr'>oppor-</span> 
     </span>
     <span class='ocr_line' id='line_1_14' title="bbox 136 1948 1417 2040; baseline 0.002 -21"><span class='ocrx_word' id='word_1_85' title='bbox 136 1959 141 1968; x_wconf 84' lang='lat'>&#39;</span> <span class='ocrx_word' id='word_1_86' title='bbox 179 1950 346 2021; x_wconf 87' lang='lat' dir='ltr'>tunitatis</span> <span class='ocrx_word' id='word_1_87' title='bbox 369 1949 486 2038; x_wconf 79' lang='lat' dir='ltr'>gratia</span> <span class='ocrx_word' id='word_1_88' title='bbox 509 1950 546 2019; x_wconf 92' lang='lat' dir='ltr'>in</span> <span class='ocrx_word' id='word_1_89' title='bbox 570 1948 646 2021; x_wconf 86' lang='lat' dir='ltr'>flue</span> <span class='ocrx_word' id='word_1_90' title='bbox 676 1951 788 2021; x_wconf 88' lang='lat' dir='ltr'>huius</span> <span class='ocrx_word' id='word_1_91' title='bbox 822 1951 1256 2040; x_wconf 25' lang='lat' dir='ltr'>opuscolikexscribam.</span> <span class='ocrx_word' id='word_1_92' title='bbox 1280 1989 1304 2000; x_wconf 93' lang='lat'>-</span> <span class='ocrx_word' id='word_1_93' title='bbox 1326 1952 1417 2023; x_wconf 81' lang='lat' dir='ltr'>Inte·</span> 
     </span>
     <span class='ocr_line' id='line_1_15' title="bbox 179 2056 1416 2146; baseline 0.002 -20"><span class='ocrx_word' id='word_1_94' title='bbox 179 2059 252 2126; x_wconf 94' lang='lat' dir='ltr'>rim</span> <span class='ocrx_word' id='word_1_95' title='bbox 277 2076 366 2127; x_wconf 91' lang='lat' dir='ltr'>cum</span> <span class='ocrx_word' id='word_1_96' title='bbox 390 2056 525 2127; x_wconf 90' lang='lat' dir='ltr'>eodem</span> <span class='ocrx_word' id='word_1_97' title='bbox 548 2063 701 2128; x_wconf 89' lang='lat' dir='ltr'>auctore</span> <span class='ocrx_word' id='word_1_98' title='bbox 724 2058 920 2142; x_wconf 89' lang='lat' dir='ltr'>concludo,</span> <span class='ocrx_word' id='word_1_99' title='bbox 956 2058 1221 2129; x_wconf 88' lang='lat' dir='ltr'>resolutionem</span> <span class='ocrx_word' id='word_1_100' title='bbox 1257 2059 1416 2146; x_wconf 87' lang='lat' dir='ltr'>(quoties</span> 
     </span>
     <span class='ocr_line' id='line_1_16' title="bbox 180 2164 1415 2253; baseline 0.001 -18"><span class='ocrx_word' id='word_1_101' title='bbox 180 2164 318 2235; x_wconf 90' lang='lat' dir='ltr'>mulier</span> <span class='ocrx_word' id='word_1_102' title='bbox 341 2165 464 2253; x_wconf 90' lang='lat' dir='ltr'>raptui</span> <span class='ocrx_word' id='word_1_103' title='bbox 487 2165 725 2235; x_wconf 87' lang='lat' dir='ltr'>consensisse</span> <span class='ocrx_word' id='word_1_104' title='bbox 749 2164 933 2251; x_wconf 86' lang='lat' dir='ltr'>videatur)</span> <span class='ocrx_word' id='word_1_105' title='bbox 950 2184 999 2234; x_wconf 89' lang='lat' dir='ltr'>ex</span> <span class='ocrx_word' id='word_1_106' title='bbox 1015 2165 1220 2252; x_wconf 90' lang='lat' dir='ltr'>perspectis</span> <span class='ocrx_word' id='word_1_107' title='bbox 1232 2165 1415 2236; x_wconf 90' lang='lat' dir='ltr'>adiunctis</span> 
     </span>
     <span class='ocr_line' id='line_1_17' title="bbox 180 2271 1411 2344; baseline -0.002 -1"><span class='ocrx_word' id='word_1_108' title='bbox 180 2271 457 2343; x_wconf 78' lang='lat' dir='ltr'>desumendum</span> <span class='ocrx_word' id='word_1_109' title='bbox 483 2291 577 2342; x_wconf 90' lang='lat' dir='ltr'>esse.</span> <span class='ocrx_word' id='word_1_110' title='bbox 604 2272 674 2342; x_wconf 80' lang='lat' dir='ltr'>«Si</span> <span class='ocrx_word' id='word_1_111' title='bbox 698 2274 798 2343; x_wconf 90' lang='lat' dir='ltr'>enim</span> <span class='ocrx_word' id='word_1_112' title='bbox 822 2273 957 2343; x_wconf 89' lang='lat' dir='ltr'>mulier</span> <span class='ocrx_word' id='word_1_113' title='bbox 979 2273 1063 2342; x_wconf 90' lang='lat' dir='ltr'>ideo</span> <span class='ocrx_word' id='word_1_114' title='bbox 1088 2274 1125 2342; x_wconf 94' lang='lat' dir='ltr'>in</span> <span class='ocrx_word' id='word_1_115' title='bbox 1149 2273 1411 2344; x_wconf 88' lang='lat' dir='ltr'>abductionem</span> 
     </span>
     <span class='ocr_line' id='line_1_18' title="bbox 179 2381 1484 2468; baseline -0.001 -17"><span class='ocrx_word' id='word_1_116' title='bbox 179 2382 399 2468; x_wconf 89' lang='lat' dir='ltr'>consentiat,</span> <span class='ocrx_word' id='word_1_117' title='bbox 426 2388 464 2451; x_wconf 91' lang='lat' dir='ltr'>ut</span> <span class='ocrx_word' id='word_1_118' title='bbox 487 2381 639 2452; x_wconf 87' lang='lat' dir='ltr'>liberius</span> <span class='ocrx_word' id='word_1_119' title='bbox 662 2382 950 2452; x_wconf 90' lang='lat' dir='ltr'>matrimonium</span> <span class='ocrx_word' id='word_1_120' title='bbox 967 2381 1171 2467; x_wconf 84' lang='lat' dir='ltr'>contrahat,</span> <span class='ocrx_word' id='word_1_121' title='bbox 1197 2386 1234 2451; x_wconf 89' lang='lat' dir='ltr'>et</span> <span class='ocrx_word' id='word_1_122' title='bbox 1256 2382 1329 2451; x_wconf 91' lang='lat' dir='ltr'>hoc</span> <span class='ocrx_word' id='word_1_123' title='bbox 1355 2381 1417 2452; x_wconf 86' lang='lat' dir='ltr'>ab</span> <span class='ocrx_word' id='word_1_124' title='bbox 1481 2435 1484 2442; x_wconf 32' lang='lat' dir='ltr'><em>f</em></span> 
     </span>
     <span class='ocr_line' id='line_1_19' title="bbox 180 2489 1418 2573; baseline -0.003 -13"><span class='ocrx_word' id='word_1_125' title='bbox 180 2490 368 2560; x_wconf 88' lang='lat' dir='ltr'>ductionis</span> <span class='ocrx_word' id='word_1_126' title='bbox 391 2490 514 2560; x_wconf 89' lang='lat' dir='ltr'>medio</span> <span class='ocrx_word' id='word_1_127' title='bbox 539 2493 663 2560; x_wconf 86' lang='lat' dir='ltr'>utatur</span> <span class='ocrx_word' id='word_1_128' title='bbox 686 2489 734 2560; x_wconf 90' lang='lat' dir='ltr'>ad</span> <span class='ocrx_word' id='word_1_129' title='bbox 759 2489 953 2560; x_wconf 88' lang='lat' dir='ltr'>obstacula</span> <span class='ocrx_word' id='word_1_130' title='bbox 978 2489 1220 2573; x_wconf 90' lang='lat' dir='ltr'>removenda,</span> <span class='ocrx_word' id='word_1_131' title='bbox 1257 2508 1333 2558; x_wconf 93' lang='lat' dir='ltr'>non</span> <span class='ocrx_word' id='word_1_132' title='bbox 1368 2490 1418 2557; x_wconf 94' lang='lat' dir='ltr'>vi·</span> 
     </span>
     <span class='ocr_line' id='line_1_20' title="bbox 180 2586 1417 2685; baseline -0.002 -19"><span class='ocrx_word' id='word_1_133' title='bbox 180 2597 292 2666; x_wconf 88' lang='lat' dir='ltr'>detur</span> <span class='ocrx_word' id='word_1_134' title='bbox 316 2602 447 2684; x_wconf 89' lang='lat' dir='ltr'>raptus</span> <span class='ocrx_word' id='word_1_135' title='bbox 470 2597 538 2667; x_wconf 90' lang='lat' dir='ltr'>sed</span> <span class='ocrx_word' id='word_1_136' title='bbox 561 2614 666 2666; x_wconf 90' lang='lat' dir='ltr'>mera</span> <span class='ocrx_word' id='word_1_137' title='bbox 682 2586 789 2684; x_wconf 72' lang='lat' dir='ltr'>luga,</span> <span class='ocrx_word' id='word_1_138' title='bbox 807 2596 984 2685; x_wconf 86' lang='lat' dir='ltr'>quamvis</span> <span class='ocrx_word' id='word_1_139' title='bbox 1000 2596 1125 2683; x_wconf 85' lang='lat' dir='ltr'>aliqua</span> <span class='ocrx_word' id='word_1_140' title='bbox 1142 2594 1273 2665; x_wconf 90' lang='lat' dir='ltr'>iniuria</span> <span class='ocrx_word' id='word_1_141' title='bbox 1287 2613 1417 2682; x_wconf 88' lang='lat' dir='ltr'>paran-</span> 
     </span>
     <span class='ocr_line' id='line_1_21' title="bbox 180 2702 1415 2790; baseline -0.002 -17"><span class='ocrx_word' id='word_1_142' title='bbox 180 2703 282 2773; x_wconf 90' lang='lat' dir='ltr'>tibus</span> <span class='ocrx_word' id='word_1_143' title='bbox 305 2703 609 2774; x_wconf 83' lang='lat' dir='ltr'>dissentientibus</span> <span class='ocrx_word' id='word_1_144' title='bbox 631 2704 827 2790; x_wconf 80' lang='lat' dir='ltr'>irrogetur.</span> <span class='ocrx_word' id='word_1_145' title='bbox 849 2740 872 2754; x_wconf 89' lang='lat'>-</span> <span class='ocrx_word' id='word_1_146' title='bbox 896 2706 945 2774; x_wconf 81' lang='lat' dir='ltr'>at</span> <span class='ocrx_word' id='word_1_147' title='bbox 966 2703 997 2772; x_wconf 95' lang='lat' dir='ltr'>si</span> <span class='ocrx_word' id='word_1_148' title='bbox 1021 2705 1078 2772; x_wconf 90' lang='lat' dir='ltr'>vir</span> <span class='ocrx_word' id='word_1_149' title='bbox 1105 2708 1207 2773; x_wconf 89' lang='lat' dir='ltr'>recta</span> <span class='ocrx_word' id='word_1_150' title='bbox 1245 2702 1302 2772; x_wconf 89' lang='lat' dir='ltr'>via</span> <span class='ocrx_word' id='word_1_151' title='bbox 1339 2720 1415 2771; x_wconf 92' lang='lat' dir='ltr'>non</span> 
     </span>
     <span class='ocr_line' id='line_1_22' title="bbox 180 2809 1415 2899; baseline 0.001 -21"><span class='ocrx_word' id='word_1_152' title='bbox 180 2810 303 2899; x_wconf 87' lang='lat' dir='ltr'>possit</span> <span class='ocrx_word' id='word_1_153' title='bbox 327 2810 493 2880; x_wconf 86' lang='lat' dir='ltr'>mulieris</span> <span class='ocrx_word' id='word_1_154' title='bbox 522 2828 753 2880; x_wconf 88' lang='lat' dir='ltr'>consensum</span> <span class='ocrx_word' id='word_1_155' title='bbox 789 2812 825 2879; x_wconf 93' lang='lat' dir='ltr'>in</span> <span class='ocrx_word' id='word_1_156' title='bbox 860 2810 1141 2880; x_wconf 86' lang='lat' dir='ltr'>matrimonium</span> <span class='ocrx_word' id='word_1_157' title='bbox 1177 2809 1344 2879; x_wconf 87' lang='lat' dir='ltr'>obtinere</span> <span class='ocrx_word' id='word_1_158' title='bbox 1379 2816 1415 2879; x_wconf 91' lang='lat' dir='ltr'>et</span> 
     </span>
     <span class='ocr_line' id='line_1_23' title="bbox 179 2915 1418 3006; baseline -0.002 -20"><span class='ocrx_word' id='word_1_159' title='bbox 179 2916 269 2986; x_wconf 89' lang='lat' dir='ltr'>inde</span> <span class='ocrx_word' id='word_1_160' title='bbox 293 2917 464 3005; x_wconf 87' lang='lat' dir='ltr'>rapinam</span> <span class='ocrx_word' id='word_1_161' title='bbox 489 2918 568 2987; x_wconf 88' lang='lat' dir='ltr'>sive</span> <span class='ocrx_word' id='word_1_162' title='bbox 591 2916 731 2987; x_wconf 87' lang='lat' dir='ltr'>lurtum</span> <span class='ocrx_word' id='word_1_163' title='bbox 757 2916 902 3006; x_wconf 87' lang='lat' dir='ltr'>puellae</span> <span class='ocrx_word' id='word_1_164' title='bbox 921 2917 1131 3003; x_wconf 89' lang='lat' dir='ltr'>meditatus,</span> <span class='ocrx_word' id='word_1_165' title='bbox 1148 2916 1296 3003; x_wconf 88' lang='lat' dir='ltr'>incipiat</span> <span class='ocrx_word' id='word_1_166' title='bbox 1317 2915 1418 2986; x_wconf 85' lang='lat' dir='ltr'>inex·</span> 
     </span>
     <span class='ocr_line' id='line_1_24' title="bbox 180 3023 1413 3113; baseline -0.003 -19"><span class='ocrx_word' id='word_1_167' title='bbox 180 3029 328 3113; x_wconf 84' lang='lat' dir='ltr'>partam</span> <span class='ocrx_word' id='word_1_168' title='bbox 352 3024 623 3094; x_wconf 88' lang='lat' dir='ltr'>circumvenire</span> <span class='ocrx_word' id='word_1_169' title='bbox 646 3024 798 3109; x_wconf 88' lang='lat' dir='ltr'>insidiis,</span> <span class='ocrx_word' id='word_1_170' title='bbox 822 3025 1139 3095; x_wconf 87' lang='lat' dir='ltr'>sollicitationibus</span> <span class='ocrx_word' id='word_1_171' title='bbox 1163 3023 1304 3093; x_wconf 87' lang='lat' dir='ltr'>dolosis</span> <span class='ocrx_word' id='word_1_172' title='bbox 1335 3027 1413 3110; x_wconf 82' lang='lat' dir='ltr'>etc,</span> 
     </span>
     <span class='ocr_line' id='line_1_25' title="bbox 182 3129 1415 3220; baseline -0.002 -19"><span class='ocrx_word' id='word_1_173' title='bbox 182 3137 224 3201; x_wconf 92' lang='lat' dir='ltr'>ut</span> <span class='ocrx_word' id='word_1_174' title='bbox 246 3131 349 3201; x_wconf 83' lang='lat' dir='ltr'>bisce</span> <span class='ocrx_word' id='word_1_175' title='bbox 365 3131 541 3203; x_wconf 89' lang='lat' dir='ltr'>artibus...</span> <span class='ocrx_word' id='word_1_176' title='bbox 556 3132 722 3220; x_wconf 86' lang='lat' dir='ltr'>aliquam</span> <span class='ocrx_word' id='word_1_177' title='bbox 740 3132 924 3204; x_wconf 87' lang='lat' dir='ltr'>versatilis</span> <span class='ocrx_word' id='word_1_178' title='bbox 940 3131 1087 3219; x_wconf 88' lang='lat' dir='ltr'>puellae</span> <span class='ocrx_word' id='word_1_179' title='bbox 1103 3129 1415 3218; x_wconf 89' lang='lat' dir='ltr'>complacentiam</span> 
     </span>
     <span class='ocr_line' id='line_1_26' title="bbox 180 3238 1415 3327; baseline -0.002 -18"><span class='ocrx_word' id='word_1_180' title='bbox 180 3246 415 3327; x_wconf 83' lang='lat' dir='ltr'>extorqueat,</span> <span class='ocrx_word' id='word_1_181' title='bbox 439 3257 514 3327; x_wconf 86' lang='lat' dir='ltr'>qua</span> <span class='ocrx_word' id='word_1_182' title='bbox 539 3239 687 3311; x_wconf 90' lang='lat' dir='ltr'>obtenta</span> <span class='ocrx_word' id='word_1_183' title='bbox 711 3240 748 3309; x_wconf 92' lang='lat' dir='ltr'>in</span> <span class='ocrx_word' id='word_1_184' title='bbox 773 3244 943 3327; x_wconf 90' lang='lat' dir='ltr'>spretum</span> <span class='ocrx_word' id='word_1_185' title='bbox 968 3242 1165 3326; x_wconf 92' lang='lat' dir='ltr'>parentum</span> <span class='ocrx_word' id='word_1_186' title='bbox 1182 3256 1268 3308; x_wconf 89' lang='lat' dir='ltr'>eam</span> <span class='ocrx_word' id='word_1_187' title='bbox 1285 3238 1415 3325; x_wconf 84' lang='lat' dir='ltr'>rapiat,</span> 
     </span>
     <span class='ocr_line' id='line_1_27' title="bbox 180 3345 1418 3436; baseline -0.002 -20"><span class='ocrx_word' id='word_1_188' title='bbox 180 3363 296 3416; x_wconf 90' lang='lat' dir='ltr'>nemo</span> <span class='ocrx_word' id='word_1_189' title='bbox 320 3364 396 3416; x_wconf 91' lang='lat' dir='ltr'>non</span> <span class='ocrx_word' id='word_1_190' title='bbox 421 3346 531 3434; x_wconf 88' lang='lat' dir='ltr'>videt,</span> <span class='ocrx_word' id='word_1_191' title='bbox 557 3350 676 3417; x_wconf 89' lang='lat' dir='ltr'>virum</span> <span class='ocrx_word' id='word_1_192' title='bbox 703 3347 857 3436; x_wconf 89' lang='lat' dir='ltr'>quidem</span> <span class='ocrx_word' id='word_1_193' title='bbox 882 3345 1073 3416; x_wconf 90' lang='lat' dir='ltr'>intendere</span> <span class='ocrx_word' id='word_1_194' title='bbox 1097 3345 1260 3435; x_wconf 89' lang='lat' dir='ltr'>puellam</span> <span class='ocrx_word' id='word_1_195' title='bbox 1287 3345 1323 3413; x_wconf 91' lang='lat' dir='ltr'>in</span> <span class='ocrx_word' id='word_1_196' title='bbox 1341 3363 1418 3414; x_wconf 90' lang='lat' dir='ltr'>ma·</span> 
     </span>
     <span class='ocr_line' id='line_1_28' title="bbox 181 3452 1416 3543; baseline -0.003 -20"><span class='ocrx_word' id='word_1_197' title='bbox 181 3453 400 3523; x_wconf 90' lang='lat' dir='ltr'>trimonium</span> <span class='ocrx_word' id='word_1_198' title='bbox 423 3472 569 3542; x_wconf 80' lang='lat' dir='ltr'>cogare,</span> <span class='ocrx_word' id='word_1_199' title='bbox 593 3454 761 3543; x_wconf 91' lang='lat' dir='ltr'>puellam</span> <span class='ocrx_word' id='word_1_200' title='bbox 784 3460 911 3534; x_wconf 82' lang='lat' dir='ltr'>autem</span> <span class='ocrx_word' id='word_1_201' title='bbox 935 3454 1078 3523; x_wconf 88' lang='lat' dir='ltr'>insidiis</span> <span class='ocrx_word' id='word_1_202' title='bbox 1103 3454 1170 3522; x_wconf 92' lang='lat' dir='ltr'>viri</span> <span class='ocrx_word' id='word_1_203' title='bbox 1186 3471 1236 3521; x_wconf 86' lang='lat' dir='ltr'>ex</span> <span class='ocrx_word' id='word_1_204' title='bbox 1258 3452 1416 3522; x_wconf 91' lang='lat' dir='ltr'>circum·</span> 
     </span>
     <span class='ocr_line' id='line_1_29' title="bbox 180 3559 1417 3650; baseline -0.003 -20"><span class='ocrx_word' id='word_1_205' title='bbox 180 3560 356 3631; x_wconf 89' lang='lat' dir='ltr'>ventione</span> <span class='ocrx_word' id='word_1_206' title='bbox 379 3559 662 3648; x_wconf 89' lang='lat' dir='ltr'>quodammodo</span> <span class='ocrx_word' id='word_1_207' title='bbox 686 3561 904 3649; x_wconf 88' lang='lat' dir='ltr'>adhaerere,</span> <span class='ocrx_word' id='word_1_208' title='bbox 930 3561 1021 3650; x_wconf 86' lang='lat' dir='ltr'>quin</span> <span class='ocrx_word' id='word_1_209' title='bbox 1046 3561 1131 3649; x_wconf 88' lang='lat' dir='ltr'>ipsa</span> <span class='ocrx_word' id='word_1_210' title='bbox 1153 3561 1251 3630; x_wconf 89' lang='lat' dir='ltr'>serio</span> <span class='ocrx_word' id='word_1_211' title='bbox 1286 3559 1417 3628; x_wconf 84' lang='lat' dir='ltr'>adver·</span> 
     </span>
     <span class='ocr_line' id='line_1_30' title="bbox 178 3667 1413 3757; baseline -0.002 -18"><span class='ocrx_word' id='word_1_212' title='bbox 178 3671 242 3754; x_wconf 80' lang='lat' dir='ltr'>tat,</span> <span class='ocrx_word' id='word_1_213' title='bbox 266 3686 309 3737; x_wconf 90' lang='lat' dir='ltr'>se</span> <span class='ocrx_word' id='word_1_214' title='bbox 325 3667 373 3737; x_wconf 89' lang='lat' dir='ltr'>ad</span> <span class='ocrx_word' id='word_1_215' title='bbox 386 3668 601 3755; x_wconf 79' lang='lat' dir='ltr'>coniugium</span> <span class='ocrx_word' id='word_1_216' title='bbox 614 3668 823 3738; x_wconf 91' lang='lat' dir='ltr'>ineundum</span> <span class='ocrx_word' id='word_1_217' title='bbox 836 3668 946 3756; x_wconf 81' lang='lat' dir='ltr'>adigi,</span> <span class='ocrx_word' id='word_1_218' title='bbox 960 3668 1062 3757; x_wconf 89' lang='lat' dir='ltr'>quod</span> <span class='ocrx_word' id='word_1_219' title='bbox 1080 3672 1213 3754; x_wconf 86' lang='lat' dir='ltr'>sponte</span> <span class='ocrx_word' id='word_1_220' title='bbox 1230 3671 1267 3736; x_wconf 90' lang='lat' dir='ltr'>et</span> <span class='ocrx_word' id='word_1_221' title='bbox 1282 3671 1413 3736; x_wconf 90' lang='lat' dir='ltr'>contra</span> 
     </span>
     <span class='ocr_line' id='line_1_31' title="bbox 179 3769 1418 3864; baseline -0.005 -20"><span class='ocrx_word' id='word_1_222' title='bbox 179 3782 383 3863; x_wconf 90' lang='lat' dir='ltr'>parentum</span> <span class='ocrx_word' id='word_1_223' title='bbox 411 3774 641 3846; x_wconf 88' lang='lat' dir='ltr'>voluntatem</span> <span class='ocrx_word' id='word_1_224' title='bbox 666 3794 864 3864; x_wconf 89' lang='lat' dir='ltr'>nunquam</span> <span class='ocrx_word' id='word_1_225' title='bbox 887 3774 1015 3845; x_wconf 83' lang='lat' dir='ltr'>forsan</span> <span class='ocrx_word' id='word_1_226' title='bbox 1038 3774 1169 3844; x_wconf 89' lang='lat' dir='ltr'>fuisset</span> <span class='ocrx_word' id='word_1_227' title='bbox 1192 3774 1326 3842; x_wconf 88' lang='lat' dir='ltr'>initura</span> <span class='ocrx_word' id='word_1_228' title='bbox 1350 3793 1370 3837; x_wconf 81' lang='lat'><strong>»</strong></span> <span class='ocrx_word' id='word_1_229' title='bbox 1394 3769 1418 3838; x_wconf 84' lang='lat'>².</span> 
     </span>
    </p>
   </div>
   <div class='ocr_carea' id='block_1_3' title="bbox 249 3988 1216 4174">
    <p class='ocr_par' dir='ltr' id='par_1_4' title="bbox 249 3988 1216 4174">
     <span class='ocr_line' id='line_1_32' title="bbox 252 3988 1216 4066; baseline -0.003 -15"><span class='ocrx_word' id='word_1_230' title='bbox 252 3989 353 4051; x_wconf 81' lang='lat' dir='ltr'>¹0tr.</span> <span class='ocrx_word' id='word_1_231' title='bbox 377 3989 459 4049; x_wconf 85' lang='lat' dir='ltr'>Actu</span> <span class='ocrx_word' id='word_1_232' title='bbox 482 3990 624 4050; x_wconf 78' lang='lat' dir='ltr'>Sanctae</span> <span class='ocrx_word' id='word_1_233' title='bbox 646 3990 752 4060; x_wconf 78' lang='lat' dir='ltr'>Sedis,</span> <span class='ocrx_word' id='word_1_234' title='bbox 774 3989 835 4049; x_wconf 82' lang='lat' dir='ltr'>ool.</span> <span class='ocrx_word' id='word_1_235' title='bbox 859 3989 888 4048; x_wconf 88' lang='lat' dir='ltr'>I.</span> <span class='ocrx_word' id='word_1_236' title='bbox 909 4004 991 4066; x_wconf 69' lang='lat' dir='ltr'>pap.</span> <span class='ocrx_word' id='word_1_237' title='bbox 1015 3988 1061 4046; x_wconf 85' lang='grc'>54</span> <span class='ocrx_word' id='word_1_238' title='bbox 1082 3997 1113 4049; x_wconf 87' lang='lat' dir='ltr'>et</span> <span class='ocrx_word' id='word_1_239' title='bbox 1132 4007 1216 4066; x_wconf 78' lang='lat' dir='ltr'>seqq.</span> 
     </span>
     <span class='ocr_line' id='line_1_33' title="bbox 249 4087 636 4174; baseline 0.003 -26"><span class='ocrx_word' id='word_1_240' title='bbox 249 4088 369 4148; x_wconf 71' lang='lat' dir='ltr'>¹Aeto</span> <span class='ocrx_word' id='word_1_241' title='bbox 391 4089 460 4174; x_wconf 68' lang='lat' dir='ltr'>cit,</span> <span class='ocrx_word' id='word_1_242' title='bbox 478 4104 556 4165; x_wconf 70' lang='lat' dir='ltr'>paq.</span> <span class='ocrx_word' id='word_1_243' title='bbox 582 4087 636 4149; x_wconf 81' lang='lat'>63.</span> 
     </span>
    </p>
   </div>
   <div class='ocr_carea' id='block_1_4' title="bbox 0 0 1763 5317">
    <p class='ocr_par' dir='ltr' id='par_1_5' title="bbox 0 0 1763 5317">
     <span class='ocr_line' id='line_1_34' title="bbox 0 0 1763 5317; baseline 0 0"><span class='ocrx_word' id='word_1_244' title='bbox 0 0 1763 5317; x_wconf 95' lang='lat' dir='ltr'> </span> 
     </span>
    </p>
   </div>
  </div>
 </body>
</html>
