3509 5317
160 639 352 727 potestatis
374 638 511 709 diserte
534 639 593 706 his
617 637 785 707 meminit
807 637 954 707 verbis:
981 638 1157 708 «Idcirco
1181 658 1252 708 nos
1282 645 1394 710 atten-

160 746 302 833 dentes,
327 747 542 816 huiusmodi
565 736 752 815 connubia
778 745 872 815 inter
896 743 1065 815 infideles
1081 750 1280 834 contracta,
1303 767 1390 818 vera

159 852 324 939 quidem,
348 872 423 921 non
449 858 575 922 tamen
599 851 695 921 adeo
719 856 796 921 rata
823 852 979 938 censeri,
1005 857 1045 920 ut
1065 851 1286 923 necessitate
1308 874 1392 923 suu·

124 1020 126 1023 ,
158 957 268 1027 dente
282 957 439 1029 dissolui
454 977 529 1028 non
543 958 737 1047 possint,...
756 959 905 1044 plenam
924 956 1152 1029 auctoritate
1165 959 1387 1049 apostolico,

158 1074 287 1137 tenore
326 1067 598 1155 praesentium,
639 1066 883 1136 concedimus
922 1065 1133 1136 facultatem
1175 1067 1390 1155 dispensan-

158 1177 192 1245 di
218 1185 334 1246 etc».
358 1176 601 1245 -Urbanum
632 1175 717 1243 Vlll
753 1176 911 1244 eandem
948 1174 1267 1261 dispensationem
1302 1194 1389 1244 con·

158 1305 357 1356 cessurum
383 1287 419 1354 in
444 1284 575 1354 iisdem
600 1282 728 1353 litteris
751 1283 847 1353 datis
869 1286 916 1352 20
939 1282 1101 1352 octobris
1125 1285 1222 1367 1624,
1247 1290 1284 1353 et
1313 1304 1391 1353 rur-

157 1412 244 1463 sum
271 1396 313 1462 17
337 1392 561 1478 septembris
578 1392 664 1461 1627
682 1390 905 1473 declarasse,
925 1388 1057 1459 Sedem
1073 1389 1317 1479 apostolicum
1334 1412 1388 1461 ee

154 1501 267 1590 proni
290 1518 410 1570 eausa
430 1518 541 1589 posse
565 1496 772 1588 aliquando
799 1493 1045 1566 matrimonio
1078 1495 1288 1587 infidelium
1317 1495 1388 1568 dis·

156 1607 314 1693 soluere,
341 1612 497 1677 testatur
519 1606 723 1676 Cardinalis
749 1608 854 1695 Lugo
880 1606 915 1671 in
941 1604 1063 1675 libello
1086 1605 1243 1693 supplici
1272 1625 1386 1695 quem

156 1714 277 1783 eidem
305 1712 468 1784 Pontifici
492 1714 631 1800 obtulit,
658 1733 849 1802 quemquo
877 1714 998 1785 retulit
1024 1713 1215 1784 Cardenus
1232 1714 1254 1781 ¹.
1278 1717 1389 1785 ‹Ma-

157 1821 273 1889 iorem
300 1822 409 1906 enim,
435 1821 552 1908 inquit
575 1821 753 1906 Sambon,
778 1820 992 1891 firmitatem
1016 1822 1166 1889 sortitur
1202 1823 1387 1891 matrimo

154 1931 260 1998 nium
286 1948 337 1998 ex
361 1931 502 1999 ratione
524 1930 759 2015 sacramenti,
784 1947 901 2016 quam
927 1929 1037 1998 habet
1059 1929 1301 2015 (coniugium)
1334 1949 1389 1999 ra·

155 2045 234 2108 tum
261 2036 439 2121 lidelium,
463 2057 578 2127 qtram
604 2056 652 2107 ex
677 2038 819 2107 ratione
835 2044 1048 2107 contractus
1064 2038 1252 2125 naturalia,
1269 2059 1382 2127 quam

154 2145 279 2213 solum
307 2144 418 2213 babet
441 2144 721 2214 matrimonium
746 2150 1053 2214 consummatum
1089 2141 1294 2214 infidelium
1310 2197 1317 2212 .
1332 2197 1339 2221 ,
1354 2198 1384 2213 ..

154 2253 249 2322 Cum
274 2271 365 2341 ergo
389 2257 506 2337 possit
530 2252 699 2323 Pontifex
722 2252 943 2339 dispensare
967 2253 1002 2320 in
1033 2253 1268 2323 matrimonio
1305 2260 1384 2323 rato

88 2425 90 2430 .
153 2361 344 2445 fidolium,
370 2363 501 2450 poterit
522 2380 546 2430 a
567 2358 706 2431 fortiori
742 2362 777 2429 in
813 2367 1077 2432 consummato
1101 2361 1383 2431 infidelium»².

219 2473 275 2541 45.
302 2467 470 2539 Secundo
493 2471 684 2557 qliaeritur
711 2469 800 2557 quid
825 2471 1014 2557 agendum
1043 2471 1109 2554 sit,
1146 2470 1298 2556 quando
1334 2473 1384 2541 ob

154 2583 310 2648 alteram
335 2597 382 2646 ex
407 2578 513 2646 dictis
537 2577 662 2646 causis
688 2595 805 2664 prope
840 2584 897 2646 est
931 2576 1159 2662 impossibile
1195 2577 1382 2647 infidelem

155 2682 388 2772 interpellare
419 2685 638 2771 coniugem,
660 2683 811 2753 >scilicet
844 2685 934 2771 quia
968 2685 1159 2773 ignoratur
1194 2704 1381 2772 quaenam

155 2811 264 2881 egr.
289 2793 531 2880 expluribus
557 2791 756 2877 uxoribus,
780 2810 878 2880 quas
912 2810 1122 2862 conversus
1154 2793 1289 2862 habeat
1323 2793 1381 2863 vel

155 2900 334 2986 habuerit,
359 2900 625 2987 interpellanda
648 2901 694 2970 sil
727 2908 908 2986 tanquam
946 2899 1126 2988 legitima,
1161 2920 1203 2969 eu
1242 2901 1382 2970 ratione

154 3007 253 3093 quod
280 3004 460 3077 incertum
484 3008 540 3093 sil,
565 3025 753 3095 quaenam
778 3008 824 3075 sit
843 3005 973 3096 primo
992 3025 1089 3074 uxor
1105 3013 1281 3095 tanquam
1300 3008 1380 3077 sola

154 3113 314 3202 legitima
340 3119 424 3201 post
445 3115 684 3202 evangelicae
709 3113 801 3202 legis
818 3112 1167 3201 promulgationem.
1189 3113 1381 3182 Eiusmodi

153 3222 372 3292 incertitudo
395 3242 444 3293 ex
460 3221 717 3311 frequentibus
733 3222 923 3305 enascitur
938 3221 1187 3291 barbarorum
1206 3223 1379 3310 repudiis,

153 3331 199 3400 ita
226 3337 264 3399 ut
300 3331 484 3419 legitimae
519 3351 661 3402 uxores
684 3331 734 3400 ab
757 3331 837 3399 aliis
862 3330 1078 3417 repudiatae
1112 3329 1298 3400 ducantur
1331 3332 1381 3401 ab

152 3436 328 3524 altisoni
354 3443 389 3506 et
411 3458 504 3507 suas
527 3444 592 3507 aut
615 3458 690 3509 non
716 3444 867 3507 suaset
902 3438 970 3525 ipsi
1006 3436 1310 3523 repudiaverunt,
1345 3444 1380 3508 et

152 3542 244 3612 alias
268 3552 380 3632 atque
403 3544 495 3615 alias
519 3545 727 3631 duxerant;
752 3545 799 3614 ita
826 3550 937 3613 ulex
962 3543 1032 3612 bac
1057 3544 1222 3612 virorum
1247 3552 1283 3613 et
1298 3565 1378 3613 mu-

154 3650 283 3719 lierum
311 3653 421 3721 veluti
445 3654 739 3723 commutatione
764 3653 798 3720 in
830 3653 928 3735 dies,
966 3650 1134 3720 confusio
1169 3659 1377 3739 enascatur,

152 3775 223 3843 qua
237 3776 351 3827 nemo
369 3759 562 3829 bominum
581 3759 809 3847 qrrandoque
826 3759 948 3828 valeat
965 3758 1165 3847 legitimam
1181 3760 1378 3847 designare

152 3882 311 3933 uxorem
336 3867 505 3935 conversi
532 3866 608 3952 viri,
634 3867 692 3935 vel
718 3867 840 3934 virum
863 3884 1071 3935 conversae
1095 3867 1234 3934 uxoris.

215 3972 333 4039 Porro
358 3972 443 4041 dato
467 3973 577 4042 eliam
602 3973 704 4061 quod
729 3974 943 4061 neophytus
960 3971 1159 4060 legitimam
1177 3972 1376 4059 aliquando

151 4076 315 4146 invenire
340 4085 467 4165 posset
485 4097 643 4148 uxorem
660 4079 708 4149 ab
724 4098 767 4147 se
784 4081 1026 4164 repudiatam,
1043 4078 1183 4147 durum
1201 4078 1270 4165 ipsi
1287 4086 1375 4163 erat,

217 4311 417 4381 ¹Gardenas,
454 4311 600 4387 Theolop,
624 4319 710 4385 part.
734 4310 766 4368 4.
790 4312 919 4370 dz'ssert.
945 4309 976 4368 2.
1001 4329 1036 4368 n.
1054 4309 1124 4365 552
1144 4310 1198 4370 cit.
1231 4328 1250 4368 a
1280 4310 1321 4369 cl.
1343 4330 1372 4387 p.

148 4411 301 4473 Bellerini
323 4410 355 4469 in
377 4412 460 4471 notis
480 4411 519 4470 ad
540 4411 676 4486 theolog.
702 4427 779 4468 mor.
803 4409 891 4485 Gury
913 4417 934 4468 t.
959 4408 991 4467 2.
1015 4409 1053 4468 ad
1075 4428 1109 4467 n.
1136 4406 1203 4465 759
1232 4416 1308 4466 clota
1329 4408 1341 4485 (
1363 4408 1376 4486 l

144 4526 220 4586 pay,
247 4507 328 4575 517,
349 4509 423 4568 odit.
448 4510 564 4570 Romae
587 4507 674 4568 1869.
1333 4528 1335 4532 ’

210 4607 387 4667 ²Sancbez
411 4608 463 4665 lib.
489 4606 521 4664 2.
547 4607 630 4681 disp.
660 4605 711 4665 17.
737 4624 772 4664 n.
796 4606 829 4666 2.
