3509 5317
1727 513 2049 574 ...94-

797 653 894 718 14.
941 651 1053 719 Ne
1098 651 1319 737 igitur
1363 656 1666 737 tempus
1729 661 1803 719 et
1847 669 2234 736 expensae
2305 651 2694 720 incassum
2757 643 3127 736 terantur,-

661 760 890 844 [Jrribe
935 763 1191 845 ageret
1237 757 1616 844 parochus
1665 758 1783 826 vel
1829 757 2337 828 confessarius
2383 759 2445 827 si
2494 762 2899 847 antequam
2951 778 3122 829 con-

661 871 868 944 iuges
891 864 1507 951 supplicationem
1538 865 1857 935 Summo
1885 864 2216 935 Pontifici
2250 867 2633 954 porrigant
2656 884 2793 953 pro
2823 867 3117 954 dispen-

657 972 939 1040 satione
985 993 1025 1042 a
1067 971 1361 1040 vinculo
1398 972 1847 1041 matrimonii
1882 973 2038 1059 rati,
2072 991 2209 1042 eos
2240 980 2663 1060 opportune
2694 973 3113 1059 instrueret,

661 1084 980 1167 ilvmque
1026 1079 1124 1147 ab
1170 1080 1279 1147 eis
1326 1079 1515 1148 haec
1561 1079 1713 1148 duo
1755 1080 2200 1167 exquireret,
2233 1099 2330 1148 an
2366 1080 2641 1150 scilicet
2668 1099 2935 1149 eorum
2972 1100 3123 1150 ma-

657 1186 1087 1255 trimonium
1140 1204 1405 1272 reapse
1469 1204 1617 1254 non
1677 1185 1898 1255 fuerit
1955 1192 2592 1273 consummatum,
2657 1194 2730 1256 et
2786 1207 2883 1256 an
2934 1188 3121 1257 eius-

669 1295 866 1364 modi
927 1302 1370 1383 argumenta
1421 1293 1693 1364 afferre
1743 1283 2283 1402 valeant'quae
2332 1301 2615 1365 tantam
2663 1297 2759 1365 ad
2807 1298 3122 1384 proban·

657 1404 841 1468 *lum
905 1403 1050 1469 vim
1124 1401 1485 1488 habeant,
1552 1407 1633 1469 ut
1676 1420 1905 1471 omne
1952 1398 2631 1489 prorsus'dubium
2697 1403 3117 1489 excludant,

657 1512 745 1572 11⁴.-
801 1526 945 1575 uon
994 1512 1250 1576 secuta
1303 1509 1977 1577 consummatione.

797 1617 897 1682 15.
950 1615 1063 1682 De
1110 1613 1615 1703 repugnantia
1646 1613 2093 1684 alterutrius
2125 1613 2455 1702 coniugis
2494 1615 2934 1705 pontificiae
2979 1616 3119 1686 dis·

657 1720 1078 1808 ,swffflatc'oni
1128 1722 1516 1809 petendae.
1590 1725 1706 1791 Ex
1761 1725 2270 1811 quorumdam
2335 1724 2910 1794 Canonistarum
2977 1725 3123 1813 opi·

661 1828 879 1896 rmudi
933 1829 1215 1898 ratione
1260 1830 1575 1898 dubium
1627 1831 1797 1898 oriri
1849 1836 2146 1918 posset,
2203 1851 2300 1901 an
2352 1831 2862 1920 repugnantia
2914 1833 3121 1902 alter·

665 1940 901 2004 utrius
931 1936 1291 2025 coniugis,
1319 1943 1545 2024 queat
1582 1937 1988 2007 Summum
2025 1937 2456 2008 Pontificem
2495 1938 2854 2026 impedire
2893 1959 2988 2008 ne
3024 1938 3120 2009 ‘al-

661 2044 789 2108 trri
817 2043 1130 2131 coniugi,
1160 2044 1429 2113 iustam
1468 2044 1765 2114 habenti
1792 2044 2366 2132 dispensationIS
2390 2063 2726 2131 causam,
2754 2046 3116 2115 consulat.

665 2152 943 2218 *serum
973 2152 1401 2220 communis
1449 2160 1521 2221 et
1564 2156 1763 2221 certa
1813 2159 1928 2221 est
1966 2153 2112 2220 DD.
2147 2153 2509 2222 sententia
2542 2171 2739 2240 quae
2770 2151 3115 2239 affirmat,

665 2280 721 2340 521
745 2255 1109 2326 11·1!:.iflciam
1141 2264 1580 2343 potestatem
1605 2257 2089 2345 dispensandi
2116 2279 2158 2328 a
2186 2259 2480 2328 vinculo
2507 2260 2958 2329 matrimonii
2987 2261 3116 2330 rati

657 2364 950 2432 *fatendi
999 2382 1304 2452 quoque
1351 2365 1446 2433 ad
1482 2383 1728 2450 rasus
1767 2366 1837 2433 in
1872 2366 2151 2452 quibus
2182 2365 2369 2435 alter
2400 2367 2683 2436 coniux
2706 2367 3111 2437 dissentiat.

665 2476 753 2536 lm
813 2481 1104 2556 praeter
1151 2471 1489 2541 Sanchez
1538 2478 1610 2541 et
1634 2472 2313 2561 Schmalzgrueber
2344 2474 2604 2569 citatos
2638 2495 2678 2544 a
2707 2476 2923 2545 Petro
2959 2477 3117 2545 Gio·

665 2584 825 2644 rim:
862 2577 881 2613 ¹
931 2579 1204 2648 diserte
1252 2579 1468 2649 docet
1528 2580 1963 2649 Dominicus
2038 2582 2326 2667 Ursaya
2397 2581 2637 2651 allatis
2712 2584 3115 2651 Doctorum

657 2687 1053 2772 wiltentiis,
1104 2687 1475 2775 exemplis
1520 2686 2192 2775 dispensationum,
2228 2680 2721 2778 pluribusque
2755 2700 2829 2758 et
2858 2689 3114 2758 solidis

657 2795 1121 2872 argumentis
1145 2794 1190 2861 ².
1225 2796 1313 2863 Et
1347 2795 1729 2880 potissima
1772 2796 1955 2865 ratio
1995 2802 2127 2882 est,
2168 2797 2341 2884 quia
2375 2795 2747 2881 pontificia
2781 2802 3115 2884 potestas

657 2924 793 2968 iit-⁴1:
841 2910 1256 2990 promanat,
1308 2922 1445 2971 nec
1496 2904 1769 2989 pendet
1814 2925 1855 2973 a
1906 2923 2284 2973 consensu
2336 2905 2836 2990 privatorum„
2886 2905 3022 2974 sed
3071 2924 3112 2974 a

657 3012 901 3079 *lirina
950 3011 1403 3091 auctoritate,
1452 3029 1684 3098 quain
1712 3011 2048 3081 Christus
2076 3012 2443 3080 Dominus
2465 3011 2639 3080 divo
2677 3013 2895 3080 Petro
2928 3013 3113 3081 eius-
3163 3070 3167 3074 ,

657 3140 801 3204 qne
847 3119 1417 3187 successoribus
1465 3118 1759 3186 tradidit
1807 3137 1941 3204 pro
1976 3119 2351 3188 Ecclesiae
2377 3119 2757 3207 regimine,
2795 3137 2933 3205 pro
2969 3138 3117 3188 ma·

661 3228 781 3292 iuri
837 3224 1166 3294 fidelium
1215 3225 1414 3294 bono
1458 3230 1530 3295 et
1576 3227 2004 3294 animarum
2052 3226 2313 3296 salute.
2363 3228 2449 3295 Et
2497 3226 2869 3296 eiusmodi
2931 3226 3115 3296 ratio

653 3332 1144 3402 1„.·.·,:÷uflrmatur
1191 3351 1289 3400 ex
1358 3333 1685 3421 generali
1734 3334 2111 3403 Ecclesiae
2180 3335 2367 3420 lege,
2436 3354 2584 3422 qua
2633 3334 3114 3420 dispensatur

657 3460 884 3528 sialiter
931 3440 1228 3509 vinculo
1280 3442 1728 3511 matrimonii
1781 3444 1913 3511 rati
1971 3461 2122 3509 non
2172 3444 2680 3512 consummati
2744 3460 2880 3529 per
2926 3441 3113 3511 sole·

661 3567 910 3616 runem
980 3548 1408 3618 alterutrius
1476 3549 1818 3637 coniugis
1896 3547 2442 3635 professionem
2492 3546 2515 3583 ⁸
2586 3549 2809 3619 etiam
2880 3548 3114 3618 altero

661 3660 915 3743 inrit03
967 3657 1118 3725 imo
1161 3657 1513 3744 quamvis
1575 3662 2035 3726 transactum
2097 3654 2315 3725 fuerit
2374 3656 2725 3725 bimestre
2785 3657 3112 3743 spatium

653 3764 1095 3851 =‡=.=1iugihus
1141 3783 1596 3834 concessum
1655 3762 1749 3832 ad
1801 3763 2373 3832 deliberandum
2430 3763 2525 3833 de
2583 3763 2935 3851 religione
2997 3782 3116 3832 su-

653 3872 1049 3958 rae-ituenda,
1086 3872 1258 3958 quia
1304 3872 1546 3939 donec
1595 3871 2157 3939 matrimonium
2194 3890 2343 3939 non
2378 3869 2594 3939 fuerit
2632 3889 3113 3939 consumma-

657 3996 833 4060 min,
887 3979 1200 4047 liberum
1235 3977 1484 4046 adhuc
1529 3983 1642 4046 est
1687 3977 2133 4064 coniugibus
2183 3978 2613 4066 religionem
2641 3978 3010 4064 amplecti,
3044 3981 3116 4046 et

793 4232 802 4268 ¹
851 4231 1145 4290 Giovine:
1194 4231 1287 4289 De
1316 4231 1677 4305 dispensat.
1716 4237 1908 4287 matr.
1945 4231 2224 4289 consult.
2262 4247 2504 4290 canon.
2556 4230 2837 4288 consult.
2885 4226 3106 4286 XVII.

661 4336 693 4396 :2
737 4332 813 4384 πε
833 4329 883 4388 22.

785 4428 809 4464 '³
847 4426 1128 4504 Ursaya:
1189 4429 1704 4502 Disceptationes
1756 4428 2275 4496 ecclesiasticae,
2333 4435 2481 4486 tom.
2556 4426 2617 4486 3.
2671 4434 2844 4502 part.
2903 4425 2968 4485 2.
3016 4425 3113 4483 di-

653 4536 842 4596 3ι··ι-·,,ιι.·“”.
895 4527 1076 4586 XXI.

785 4628 809 4660 ³
852 4624 999 4702 Gap.
1046 4625 1107 4685 2.
1154 4626 1227 4684 de
1269 4642 1548 4687 convers.
1600 4625 1842 4701 coniug.
1898 4659 1964 4668 —
2012 4626 2185 4685 Trid.
2234 4645 2387 4684 sess.
2439 4624 2550 4684 24.
2600 4643 2730 4684 can
2765 4623 2840 4684 6.
