3509 5317
1810 518 2114 579 -68-

1692 731 2049 810 CAPUT
2111 731 2241 807 IV.

1033 896 1130 976 De
1190 888 1721 992 impedimentis
1782 886 2301 972 matrimonium
2364 888 2886 986 dirimentibus,

928 1021 1016 1102 oh
1076 1015 1452 1117 religionis
1511 1022 1581 1097 et
1637 1014 2078 1097 sacramenti
2140 1013 2600 1097 sanctitatem
2661 1015 2999 1099 induetis.

1641 1229 2187 1301 ARTICULUS
2238 1230 2286 1298 Ι.

1367 1372 1453 1439 De
1487 1371 1897 1455 impedimento
1931 1369 2305 1453 disparitatis
2336 1369 2571 1448 cuitus:

1236 1489 1319 1538 ac
1379 1472 1457 1538 de
1520 1470 1781 1536 mixtae
1841 1468 2233 1551 religionis
2294 1469 2697 1552 coniugiis.

870 1642 931 1707 1.
975 1638 1233 1708 Cultus
1278 1638 1676 1724 disparitas
1724 1635 1880 1706 lato
1927 1654 2147 1705 sensu
2208 1635 2629 1725 intelligitur
2678 1637 3055 1725 religionis
3102 1637 3194 1706 di-

745 1746 1051 1815 rersitas
1097 1746 1285 1816 inter
1316 1745 1861 1829 contrahentes,
1912 1744 2155 1832 qualis
2188 1749 2303 1813 est
2349 1744 2631 1813 nedum
2678 1746 2866 1814 inter
2896 1743 3198 1816 fidelem

741 1863 809 1923 ei.
851 1852 1228 1923 infidelem
1256 1908 1271 1939 ,
1334 1854 1467 1922 sed
1531 1859 1604 1922 et
1661 1853 1848 1921 inter
1908 1852 2358 1921 catholicum
2410 1857 2482 1920 et
2538 1852 2996 1923 haereticum
3066 1872 3199 1922 seu

741 1962 1294 2031 anhismaticum
1335 1960 1377 2026 ¹.
1411 1998 1458 2015 -
1491 1958 1863 2029 Strietcbri
1912 1970 2165 2029 autem
2225 1977 2448 2028 sensa
2481 1965 2557 2028 et
2582 1957 2898 2049 proprie
2952 1961 3200 2031 cultus

741 2069 1132 2156 disparitas
1181 2088 1268 2138 ea
1317 2070 1435 2137 hic
1480 2067 1921 2155 intelligitur,
1971 2086 2168 2154 quae
2222 2068 2408 2136 inter
2458 2068 2904 2138 christianos
2947 2073 3020 2137 et
3051 2067 3199 2138 infi-

741 2176 973 2263 deles,
1021 2177 1180 2246 sive
1227 2177 1414 2245 inter
1463 2176 1874 2262 baptizatos
1921 2187 1993 2245 et
2038 2193 2189 2243 non
2240 2175 2662 2262 baptizatos
2710 2176 3111 2247 intercedit.
3158 2214 3197 2225 -

748 2287 842 2351 [le
892 2285 1034 2354 hoc
1083 2285 1634 2370 impedimentO,
1683 2296 1991 2370 accepto
2038 2284 2183 2352 sub
2235 2288 2557 2370 utroque
2606 2284 2852 2353 cultus
2902 2285 3203 2373 dispari-

741 2392 902 2459 tatis
948 2409 1201 2476 sensu,
1259 2391 1659 2478 praecipua
1709 2389 2038 2459 delibare
2087 2408 2284 2477 opus
2332 2397 2465 2457 est.
2551 2390 2756 2460 Haec
2796 2392 3021 2478 igitur
3069 2398 3207 2461 sta-

741 2498 1013 2567 tuenda
1064 2501 1272 2565 sunt:
2818 2554 2822 2559 .

868 2608 932 2673 2.
985 2602 1374 2673 Primum:
1432 2607 1737 2693 Propria
1788 2605 2035 2676 calcus
2081 2606 2547 2697 disparitaS,
2610 2627 2808 2696 quae
2855 2614 2969 2676 est
3016 2608 3202 2677 inter

745 2714 1190 2799 ijnptizatum
1239 2718 1308 2781 et
1356 2733 1505 2782 non
1556 2714 2047 2801 baptizatum,
2117 2717 2679 2785 matrimonium
2730 2714 2953 2785 efficit
2997 2715 3199 2785 inva-

749 2822 994 2888 lidum.
2113 2889 2119 2893 .

870 2929 934 2995 3.
995 2928 1154 2998 Hoc
1220 2932 1473 2996 autem
1541 2928 2161 3014 impedimentum
2231 2929 2433 2998 haud
2499 2929 2806 3016 quidem
2863 2926 3210 2997 natarali

745 3035 900 3103 inre
950 3034 1504 3103 matrimonium
1557 3035 1863 3122 dirimit,
1926 3045 2003 3105 ut
2047 3037 2481 3106 communis
2530 3036 2751 3106 docet
2797 3037 3206 3104 Doctorum

741 3143 1100 3211 sententia
1136 3138 1180 3209 ².
1254 3143 1638 3231 Siquidem
1686 3145 1932 3213 cultus
1972 3143 2368 3232 disparitas
2421 3163 2570 3212 non
2633 3148 3004 3230 repugnat
3060 3162 3214 3213 ma-

745 3250 1059 3318 trimonii
1104 3251 1565 3321 substantiae
1611 3270 1750 3320 seu
1800 3254 2168 3321 essentiae
2216 3257 2288 3320 et
2322 3250 2483 3329 fini:
2536 3272 2624 3321 ea
2658 3252 2858 3322 enim
2904 3260 3210 3320 extante

745 3356 1098 3444 coniuges
1130 3358 1439 3446 obligari
1474 3359 1791 3427 invicem
1820 3365 2138 3446 possunt
2168 3360 2264 3429 ad
2303 3360 2960 3445 cohabitationem,
2988 3359 3210 3428 debiti

753 3462 1228 3532 redditionem
1293 3469 1364 3533 et
1423 3465 1651 3552 prolis
1715 3467 2255 3537 educationem.
2333 3468 2579 3555 Iurgia
2632 3476 2920 3554 autem,
2971 3487 3210 3555 prava

745 3569 1068 3639 filiorum
1116 3571 1453 3642 educatio
1488 3573 1783 3661 aliaque
1819 3575 2035 3660 mala,
2072 3594 2268 3661 quae
2303 3594 2402 3644 ex
2439 3576 2808 3652 eiusmodi
2846 3576 3210 3663 coniugiis

745 3677 916 3744 oriri
968 3677 1081 3746 vel
1126 3678 1364 3748 timeri
1415 3686 1753 3767 possunt,
1806 3700 1956 3749 non
2006 3672 2692 3769 quidem'probant
2738 3701 2832 3751 ea
2863 3681 3208 3770 coniugia

749 3802 912 3852 esse
961 3784 1119 3852 iure
1168 3793 1481 3857 naturae
1527 3789 1748 3874 irrita,
1800 3789 1934 3858 sed
1983 3794 2275 3858 tantum
2326 3786 2578 3875 illicita
2632 3790 3103 3878 plerumque,
3143 3793 3213 3858 et

745 3891 1199 3978 quandoque
1253 3889 1497 3978 licita,
1565 3894 1626 3963 si
1675 3896 1950 3965 scilicet
2005 3897 2259 3984 gravis
2313 3903 2636 3965 excuset
2685 3896 3093 3966 necessitas
3141 3903 3211 3964 et

749 4016 998 4067 nausa.
1048 4001 1290 4088 Atque
1339 4001 1433 4070 ita
1481 4000 1758 4071 factum
1793 4008 1921 4081 est,
1976 4010 2053 4072 ut
2095 4004 2382 4073 nedum
2418 4004 2492 4071 in
2528 4004 2692 4092 lege
2726 4004 2953 4073 veteri
2987 4004 3211 4092 aliqui

749 4103 1004 4174 fideles
1052 4125 1228 4174 cum
1275 4106 1698 4178 infidelibus
1747 4111 2068 4199 coniugii
2115 4108 2381 4179 foedus
2438 4111 2761 4196 inierint,
2814 4116 2896 4179 ut
2944 4112 3212 4199 Ioseph

749 4231 921 4279 enm
972 4211 1118 4282 filia
1170 4214 1608 4302 Putipharis,
1659 4218 1925 4287 Esther
1973 4237 2149 4289 cum
2202 4220 2576 4304 Assuer03
2629 4220 2765 4287 sed
2807 4228 2878 4288 et
2910 4219 2981 4285 in
3015 4238 3209 4288 nova

753 4327 909 4407 lege
943 4321 1202 4405 primis
1234 4322 1606 4392 Ecclesiae
1637 4326 1912 4393 seculis
1945 4324 2318 4395 eiusmodi
2356 4344 2506 4393 non
2544 4326 2787 4394 desint
2818 4325 3213 4413 exempla:

884 4553 904 4590 ¹
949 4554 1489 4632 Papp-Szilagyi:
1539 4557 1887 4616 Enchirz‘d.
1935 4560 2064 4616 ίαν.
2114 4561 2349 4616 orient.
2393 4565 2572 4632 part.
2624 4557 2688 4616 2.
2740 4558 2777 4632 ἓ
2830 4556 2983 4616 102.

882 4652 906 4688 2
950 4652 1219 4729 Pirhing
1265 4653 1367 4710 lib.
1416 4654 1480 4711 4.
1532 4657 1624 4711 cit.
1688 4656 1743 4714 1.
1795 4675 1864 4713 n.
1918 4656 2072 4715 164.
