3509 5317
1729 484 2087 554 ‚—-l42—

864 619 943 686 In
996 617 1236 687 insula
1285 618 1807 688 sanctissimae
1871 616 2249 690 Trinitatis
2297 635 2417 686 an.
2469 619 2666 686 1825.

864 726 940 793 In
992 732 1310 814 utraque
1357 723 1864 794 Ludovisiana
1911 731 2136 814 atque
2183 725 2252 797 in
2305 723 2623 794 Florida
2668 744 2786 795 an.
2838 726 3039 794 1831.

817 835 922 902 15.
974 836 1067 902 At
1113 852 1488 922 quaenam
1538 832 1843 903 fuerunt
1903 838 1973 902 et
2031 840 2210 902 sunt
2268 832 2612 918 rationeS,
2684 850 3016 919 quarum
3080 832 3152 899 vi

684 943 1146 1012 Benedictina
1203 942 1470 1028 prodiit
1520 940 1954 1011 Declaracio
2005 959 2139 1027 pro
2178 939 2371 1035 ‘locis
2419 937 2975 1009 foederatorum
3025 940 3157 1009 Or-

682 1048 943 1117 dinum
994 1049 1322 1118 dominio
1371 1049 1444 1117 in
1514 1047 1765 1136 Belgio
1826 1048 2197 1133 subiectiS,
2247 1053 2320 1117 et
2380 1047 2476 1116 ad
2538 1047 2726 1117 alias
2795 1047 2966 1116 dein
3017 1047 3159 1118 fuit

594 1215 604 1228 .
682 1161 995 1225 extensa
1041 1156 1427 1244 regiones?
1475 1193 1516 1204 -
1567 1157 1771 1225 Haec
1817 1156 2189 1244 inquisitio
2237 1173 2414 1224 cum
2478 1154 2597 1224 illa
2666 1155 2984 1227 nectitur
3032 1174 3157 1225 sa-

686 1263 976 1333 lebrosa
1026 1271 1098 1331 et
1145 1263 1468 1350 implexa
1519 1262 2312 1351 quaestioneiuridica,
2347 1281 2543 1350 quae
2574 1263 3157 1331 controvertitur

684 1372 870 1440 inter
922 1373 1294 1440 Doctores.
1341 1408 1383 1418 -
1431 1374 1547 1439 An
1595 1370 1871 1465 scilicet
1917 1369 2235 1439 invalida
2288 1374 2739 1455 censeantur
2774 1369 2933 1438 sive
2981 1369 3156 1437 hae·

682 1476 1088 1545 pericopam
1135 1477 1328 1545 inter
1374 1496 1481 1561 se,
1535 1477 1694 1546 sive
1740 1474 1985 1548 mixta
2030 1476 2379 1561 coniugia
2437 1476 2522 1544 iis
2580 1476 2750 1544 inita
2798 1476 2872 1543 in
2940 1475 3149 1557 lociS‚

684 1585 751 1652 in
802 1585 1079 1672 quibus
1112 1584 1587 1653 tridentinum
1638 1585 2024 1654 decretum
2078 1581 2296 1652 fuerit
2342 1583 2824 1669 publicatum.

815 1691 1114 1761 Certum
1175 1711 1400 1779 porro
1462 1704 1593 1778 est,
1666 1693 2102 1779 haereticOS,
2175 1695 2429 1778 utpote
2491 1688 2867 1760 Ecclesiae
2897 1687 3154 1768 filios,

682 1817 1147 1886 quamquam
1202 1799 1515 1868 rebelles
1562 1805 1634 1868 et
1679 1796 2129 1887 transfugas,
2181 1797 2520 1866 eiusdem
2572 1797 2947 1866 Ecclesiae
2983 1795 3162 1882 legi·

683 1905 830 1974 bus
875 1906 1154 1991 subiici,
1207 1914 1286 1974 ut
1330 1905 1761 1974 solemniter
1807 1906 2057 1974 docuit
2110 1904 2289 1991 Pius
2329 1904 2457 1972 VII
2497 1903 2539 1971 ¹.
2597 1941 2641 1960 -ν
2694 1901 3155 1989 Principium

681 2026 934 2082 autem
983 2013 1332 2101 generale
1386 2021 1519 2099 est,
1577 2014 2134 2101 exemptionem
2199 2033 2241 2081 a
2316 2012 2476 2081 iure
2536 2010 2923 2082 communi
2970 2028 3155 2086 esse

681 2118 1017 2205 localem,
1074 2139 1222 2189 non
1270 2119 1771 2209 personalem.
1807 2120 1997 2188 Hinc
2028 2120 2298 2208 quavis
2322 2119 2628 2207 quilibet
2658 2117 3149 2204 exemptione

681 2227 851 2296 alibi
898 2228 1294 2315 gaudeant,
1342 2239 1594 2297 tamen
1642 2227 2054 2315 generatim
2107 2227 2176 2294 in
2252 2227 2557 2296 materia
2613 2229 3151 2294 contractuum

683 2333 903 2421 (quos
951 2335 1138 2403 inter
1195 2341 1637 2404 accensetur
1699 2333 2263 2402 matrimonium
2325 2333 2676 2420 quamvis
2735 2330 2831 2400 ad
2900 2348 3158 2401 sacra-

685 2441 906 2510 menti
955 2442 1382 2530 dignitatem
1433 2441 1804 2525 evectum)
1854 2439 2105 2528 quoad
2156 2458 2420 2509 eorum
2464 2439 3012 2508 solemnitatem
3050 2443 3159 2505 te·

682 2554 952 2622 nentur
999 2567 1266 2619 omnes
1312 2549 1755 2620 contrahere
1818 2549 2023 2618 iuxta
2072 2547 2319 2637 legem
2378 2554 2449 2616 et
2516 2544 3153 2617 consuetudinem

685 2655 841 2741 loci,
902 2656 972 2724 in
1033 2675 1184 2744 quo
1242 2658 2009 2744 contrahunt-quum
2082 2657 2300 2725 etiam
2376 2653 2766 2742 peregrini,
2828 2651 2892 2720 si
2949 2651 3154 2720 dotis

677 2769 1141 2833 contractum
1189 2766 1539 2852 excipiaS,
1566 2765 1971 2834 sortiantur
2016 2763 2260 2833 forum
2298 2765 2368 2831 in
2417 2762 2579 2831 loco
2625 2756 3149 2843 contractus²;

678 2870 778 2938 ita
822 2876 896 2939 ut
945 2873 1004 2940 si
1068 2872 1279 2941 aliter
1349 2873 1441 2940 ibi
1512 2873 1997 2956 contrahant,
2056 2876 2481 2940 contractus
2542 2887 2692 2937 non
2759 2865 3147 2951 subsistat,

675 2995 852 3046 cum
899 2979 1406 3048 substantialis
1452 2979 1746 3049 deficiat
1792 2981 2248 3067 praescripta
2298 2976 2538 3046 forma
2588 2974 2633 3042 ⁸.

808 3087 972 3152 Non
1023 3086 1242 3173 igitur
1288 3106 1386 3156 ex
1428 3085 1817 3176 persenali
1861 3088 2338 3173 exemptione
2369 3104 2506 3153 seu
2551 3080 2968 3172 privilefflb,
3002 3079 3146 3151 sed

676 3211 774 3260 ex
821 3190 985 3260 aliis
1037 3211 1352 3279 prorsus
1395 3193 1783 3284 principiis
1830 3194 2095 3263 deduci
2148 3192 2397 3278 debet,
2463 3188 2927 3260 clandestina
2974 3189 3148 3257 hae-

674 3296 1081 3367 reticorum
1135 3300 1605 3371 matrimonia
1653 3307 1878 3389 atque
1925 3301 2145 3370 etiam
2194 3297 2452 3368 mioeta
2496 3298 2871 3386 aliquibus
2912 3289 3008 3364 in'
3036 3315 3149 3365 re—

676 3405 1023 3493 gionibus
1071 3406 1170 3475 uti
1222 3406 1458 3477 valida
1516 3407 1791 3494 haberi,
1841 3406 2192 3495 quamvis
2240 3407 2308 3474 in
2361 3405 2447 3479 iis
2492 3403 2966 3473 tridentinum
3019 3401 3145 3470 de·

675 3523 962 3582 cretum
1011 3512 1228 3582 fuerit
1274 3513 1756 3601 publicatum.
1807 3552 1849 3562 -
1898 3514 2188 3584 Scilicet
2236 3513 2304 3580 in
2358 3511 2758 3598 provinciis
2814 3508 3148 3580 foedera·

675 3627 925 3690 torum
973 3621 1337 3691 Ordinum
1385 3622 1714 3691 dominio
1764 3623 1856 3689 in-
1892 3622 2142 3709 Belgio
2191 3620 2546 3692 subiectis
2579 3618 2829 3689 valida
2856 3616 3143 3705 procla-

676 3825 739 3865 se
784 3807 1181 3867 matrimonia
1225 3808 1601 3879 referantur,
1636 3807 1820 3882 nihil,
1868 3812 1938 3867 ut
1977 3811 2173 3884 patet,
2215 3824 2533 3865 commune
2574 3804 2804 3863 habere
2845 3820 2983 3862 cum
3028 3802 3149 3862 Be-

677 3908 986 3966 nedictina
1032 3907 1485 3976 Declaratione‚
1531 3924 1685 3981 quae
1730 3906 2211 3964 haer-eticorum
2255 3909 2496 3963 tantum
2544 3903 2643 3962 vel
2688 3905 2901 3962 mioetae
2944 3906 3149 3979 respi-

675 4005 764 4063 cit
805 4005 1111 4079 coniugia.

806 4103 825 4139 ¹
871 4102 1029 4161 Litt.
1104 4103 1253 4159 Etsi
1312 4103 1759 4175 fraternitatis
1800 4096 1897 4160 'ad
1960 4102 2254 4177 Archiep.
2323 4099 2754 4176 Moguntinum
2813 4098 2980 4158 datis
3039 4097 3145 4156 die

673 4200 717 4255 8
757 4201 948 4259 octub.
1008 4199 1187 4260 1803
1228 4218 1379 4276 quas
1423 4200 1640 4261 habeas
1658 4200 1759 4258 hic
1802 4201 1863 4258 in
1912 4200 2274 4274 appendice
2318 4198 2382 4258 6.

802 4298 826 4336 2
873 4295 1027 4373 Cap.
1066 4299 1180 4358 ult.
1228 4299 1307 4356 de
1349 4300 1488 4372 foro
1531 4305 1800 4374 compet.
1837 4302 1902 4357 et
1944 4298 2070 4374 leg.
2103 4300 2163 4355 si
2203 4299 2501 4371 fundum
2544 4295 2609 4355 ff.
2643 4295 2723 4353 de
2767 4295 3067 4354 evictam.

800 4398 824 4434 ⁸
869 4398 1144 4457 Sauchez
1213 4397 1320 4455 lib.
1374 4397 1434 4455 3.
1505 4398 1748 4471 disput.
1813 4397 1939 4475 18.
1983 4415 2106 4455 nn.
2172 4395 2418 4460 10-1!,·
2475 4427 2519 4449 -ε
2575 4393 2843 4471 Pirhjng
2910 4393 3020 4456 lib.
3070 4392 3138 4453 4.

671 4497 765 4553 tit.
821 4495 881 4554 3.
934 4514 1000 4553 n.
1062 4495 1179 4562 10;
1222 4527 1263 4540 -·
1315 4495 1876 4575 Schmalzgrueber
1939 4497 2015 4554 ad
2099 4495 2275 4553 eund.
2325 4494 2427 4553 tit.
2481 4494 2518 4567 ἓ
2564 4491 2629 4551 2.
2679 4509 2747 4551 n.
2809 4491 2931 4547 101
2999 4509 3143 4550 cum

672 4612 999 4652 communi.
