3509 5317
687 517 865 578 ..173-

226 660 259 725 3.
284 657 333 727 Ut
356 656 464 745 igitur
488 655 781 726 matrimoniales
811 673 950 725 causae
981 655 1018 722 in
1052 661 1287 743 competente
1310 654 1392 726 loro

157 768 439 850 proponantur,
463 762 729 833 attendendum
762 762 893 832 estad
926 760 1125 849 coniupum
1155 761 1392 832 domicilium.

157 871 254 942 Cum
278 878 406 941 autem
431 891 529 941 uxor
552 870 728 941 sortiatur
753 871 818 938 viri
842 870 901 940 sui
926 870 1155 941 domicilium
1173 877 1209 941 et
1226 868 1350 945 lorum
1370 871 1392 959 ¹,

159 979 248 1047 hinc
271 979 449 1067 coniuges
472 978 508 1045 in
526 979 652 1049 causis
670 977 1005 1047 matrimonialibus
1020 977 1183 1046 subsunt
1205 978 1392 1065 Episcopo

157 1084 194 1153 in
220 1086 329 1153 ouius
352 1084 513 1155 dioecesi
540 1084 696 1154 maritus
719 1083 948 1153 domicilium
974 1083 1094 1152 habet.
1120 1079 1228 1165 Quod
1252 1084 1283 1152 si
1308 1101 1392 1152 con·

157 1191 283 1280 iugale
307 1192 403 1262 vitae
426 1194 657 1262 consortium
681 1211 749 1280 per
772 1193 1049 1279 separationem
1067 1211 1089 1261 a
1107 1198 1188 1260 toro
1207 1197 1243 1261 et
1259 1210 1391 1263 mensa

158 1298 351 1368 sublatum
377 1299 433 1372 sit,
458 1300 529 1367 hoc
552 1300 588 1366 in
613 1317 706 1368 casu
728 1298 845 1366 iudex
869 1304 1087 1384 competens
1110 1303 1167 1367 est
1182 1298 1392 1385 Episcopus

157 1406 231 1494 ille,
255 1407 290 1475 in
315 1409 423 1477 cuius
446 1407 606 1478 dioecesi
631 1405 860 1475 domicilium
884 1405 997 1475 habet
1021 1423 1109 1492 pars
1124 1412 1254 1476 contra
1270 1425 1390 1493 quam

159 1514 384 1601 proceditur.
420 1515 458 1584 Si
482 1533 573 1583 vero
601 1513 792 1582 sublatum
823 1514 870 1584 sit
894 1533 961 1601 per
986 1512 1208 1584 malitiosam
1233 1514 1300 1582 viri
1331 1514 1389 1583 vel

159 1622 293 1690 uxoris
322 1622 594 1708 desertionem,
619 1620 734 1691 iudex
765 1626 986 1706 competens
1015 1632 1074 1690 est
1101 1620 1328 1707 Episcopus,
1356 1619 1391 1688 in

159 1729 272 1797 cuius
294 1728 454 1798 dioecesi
479 1748 568 1816 pars
591 1728 742 1798 deserta
771 1728 1000 1798 domicilium
1031 1728 1145 1797 habet
1163 1726 1186 1795 ².
1217 1729 1392 1799 Ubicum-

159 1855 238 1923 que
260 1840 360 1906 enim
384 1836 518 1906 existat
541 1835 737 1926 transfuga
757 1837 907 1921 coniux,
925 1841 1052 1905 manet
1071 1835 1245 1905 subditus
1260 1836 1392 1906 iudicis

160 1943 345 2012 dioecesis
367 1943 539 2013 domicilii
564 1946 636 2014 hoc
659 1945 740 2032 ipso
764 1946 866 2032 quod
883 1943 1113 2013 domicilium
1130 1964 1199 2031 per
1219 1945 1394 2014 desertio·

161 2070 251 2120 nem
275 2069 350 2121 non
376 2058 501 2122 mutel.

231 2161 262 2227 4.
287 2160 439 2229 Peracta
463 2166 590 2230 aulem
614 2161 793 2247 citatione,
819 2161 982 2246 mutatio
1007 2181 1106 2248 quae
1129 2163 1254 2248 quoad
1272 2163 1397 2232 coniu-

161 2285 256 2354 gum
292 2265 520 2336 domicilium
553 2268 707 2355 posthac
738 2269 995 2355 interveniret,
1021 2265 1153 2338 iudicis
1184 2275 1395 2356 competen-

162 2373 253 2442 tiam
277 2393 351 2444 non
377 2380 496 2444 mutat
512 2372 534 2443 ⁸.
559 2376 628 2458 Qui
653 2377 752 2445 enim
776 2397 797 2446 a
823 2377 942 2445 iudice
966 2382 1201 2464 competente
1231 2378 1393 2465 legitime

162 2483 297 2552 citatus
320 2485 491 2571 adeoque
515 2486 551 2552 in
576 2502 691 2554 causa
716 2490 944 2571 praeventus
975 2483 1061 2570 fuit,
1087 2485 1230 2555 etiamsi
1262 2492 1392 2573 postea

163 2609 233 2678 per
255 2590 427 2659 domicilii
451 2595 516 2661 aut
538 2596 659 2661 status
682 2592 925 2663 mutationem
949 2591 1075 2661 lorum
1106 2594 1321 2679 mutaverit,
1346 2602 1396 2663 te·

165 2704 274 2767 netur
297 2699 539 2769 nihilominus
563 2719 692 2770 coram
718 2703 840 2788 priore
863 2701 985 2769 iudice
1010 2700 1239 2787 respondere
1256 2706 1291 2770 et
1312 2719 1398 2769 euu-

164 2824 249 2875 sam
274 2808 450 2895 prosequi
468 2806 491 2894 ⁸,
517 2819 557 2877 ut
571 2814 717 2878 constat
733 2827 782 2878 ex
797 2808 972 2878 decretali
997 2809 1163 2897 Gregorii
1182 2806 1274 2878 1x⁵.
1298 2809 1395 2878 Nam

165 2931 254 2982 cum
279 2913 366 2982 huic
390 2912 555 2984 Pontifici
581 2917 813 3002 propositum
838 2914 970 2984 fuisset
1000 2917 1102 3003 quod
1132 2916 1306 2985 subditus
1336 2934 1399 2985 cu·

165 3019 316 3089 insdam
340 3020 384 3106 (e.
407 3041 461 3110 gr.
487 3022 660 3109 Episcopi
683 3024 905 3111 Augustani)
941 3022 989 3091 ad
1023 3024 1233 3109 petitionem
1269 3023 1398 3091 adver·

163 3128 253 3197 sarii
278 3128 347 3215 sui,
372 3129 579 3199 abeodem
604 3129 764 3218 legitime
787 3130 922 3199 citatus
945 3149 1061 3217 super
1085 3149 1204 3199 causa
1219 3130 1396 3217 quadam,

168 3234 347 3304 iudicium
369 3253 498 3305 coram
524 3235 658 3305 eodem
683 3238 868 3324 Episcopo
893 3237 1080 3306 declinare
1105 3237 1198 3322 velit
1224 3255 1269 3305 eo
1294 3237 1395 3325 quod

166 3347 299 3429 postea
325 3342 474 3428 (scilicet
497 3348 581 3430 post
604 3344 829 3429 citationem)
860 3344 1014 3413 alterius
1045 3344 1282 3414 iurisdictioni
1314 3344 1398 3413 suo

168 3450 285 3518 iectus
308 3447 432 3519 fuerit:
457 3450 650 3537 respondit
674 3452 785 3538 Papa,
810 3451 912 3539 qnod
936 3452 971 3517 in
997 3451 1059 3521 illa
1081 3470 1196 3520 causa
1221 3451 1279 3520 ius
1297 3471 1398 3521 revo-

168 3555 279 3624 candi
302 3556 382 3626 sive
406 3556 616 3626 declinandi
639 3555 761 3625 forum
788 3576 864 3625 non
889 3557 1035 3643 habeat,
1061 3559 1198 3645 quippe
1222 3578 1242 3626 a
1276 3558 1399 3644 priore

167 3662 290 3732 iudice
312 3663 388 3732 iam
412 3670 650 3751 praeventus.
674 3702 698 3712 -
721 3664 825 3734 Idem
849 3665 1008 3734 habetur
1031 3666 1067 3733 in
1093 3667 1173 3734 iure
1198 3681 1356 3733 romano
1373 3661 1396 3751 ⁶,

236 3844 403 3922 ¹Pirhing
437 3845 491 3903 lit.
523 3842 555 3902 2.
580 3846 627 3903 tit.
652 3845 684 3903 2.
710 3845 748 3904 de
779 3847 849 3919 soro
877 3853 1010 3920 compet.
1035 3864 1070 3907 n.
1098 3845 1151 3905 11.
1175 3862 1244 3904 cum
1266 3846 1346 3905 Abb.
1366 3844 1398 3905 in

168 3958 243 4015 cap.
264 3944 393 4015 peraruit.
418 3943 566 4002 circadam
589 3946 637 4001 tit.
661 3962 695 4003 u.
723 3944 754 4004 7.

235 4038 318 4099 2lta
350 4042 381 4099 in
411 4041 637 4100 [truncatione
671 4061 725 4119 pro
747 4042 956 4102 tribunalibus
988 4042 1097 4101 eccles.
1122 4043 1278 4102 austricae
1309 4041 1401 4102 ditio-

169 4138 219 4197 nis
239 4139 259 4213 ἓ
281 4136 335 4197 96.
358 4140 437 4217 apud
459 4140 709 4218 Pupp-Szilagyi
730 4141 953 4199 Eucliridion
975 4145 1036 4200 etc.
1058 4148 1145 4215 port.
1169 4140 1202 4200 2.
1226 4141 1245 4216 5
1273 4140 1347 4200 185.

236 4236 519 4315 ⁸Papp-Szilagyi
540 4256 578 4297 ex
601 4242 653 4297 cil.
677 4239 914 4298 [convictione.

237 4337 249 4373 ⁴
271 4336 404 4414 Pirhiug
427 4338 479 4394 lit.
505 4335 538 4397 2.
563 4340 610 4397 tit.
636 4336 666 4396 2.
692 4338 730 4395 de
752 4338 822 4410 soro
844 4345 1055 4412 corripetente,
1078 4356 1112 4395 a.
1136 4336 1193 4397 52.

237 4433 343 4511 ⁶Gap.
364 4436 565 4509 proposuisti
593 4433 643 4502 19,
664 4438 717 4493 cit.
743 4438 791 4495 tit.
814 4436 850 4494 2.

237 4532 250 4569 ⁰
268 4532 305 4590 L.
334 4535 459 4610 siquis
481 4534 570 4609 ΜΘ
602 4534 703 4591 indic.
719 4550 758 4592 ex
786 4551 847 4610 qua
869 4534 944 4592 haec
965 4533 1132 4593 decretalis
1151 4533 1312 4610 desumpta
1332 4536 1398 4605 est3

170 4630 208 4688 L.
232 4632 397 4707 quaedam
417 4635 450 4709 ff.
475 4633 515 4691 de
538 4634 656 4691 iurisd.
