3509 5317
1379 531 1735 589 -221—

323 687 362 729 «
397 672 753 736 mentum
804 666 919 736 vel
969 667 1373 756 legitimam
1420 686 1732 738 causam
1784 667 1854 735 id
1907 669 2210 738 vetitum
2260 685 2411 736 non
2460 668 2551 736 sit
2593 688 2631 731 »
2673 666 2713 753 ²,
2753 706 2793 710 —

320 780 406 843 ut
453 775 922 863 contingeret
966 793 1030 844 e.
1079 793 1187 863 gr.
1237 776 1300 844 si
1335 776 1745 846 invalidum
1779 776 2243 846 declaratum
2290 772 2508 844 fuerit
2556 774 2801 846 matri*

321 883 673 951 monium
726 882 824 951 ob
873 883 1383 970 impotentiam
1430 884 1992 953 antecedentem
2042 881 2472 952 absolutam
2521 888 2593 952 et
2635 902 2793 970 per-

323 995 641 1077 petuam
694 989 847 1074 viri,
897 1009 1048 1058 non
1098 996 1351 1060 autem
1399 991 1497 1059 ob
1545 991 2054 1078 impotentiam
2087 989 2505 1060 relativam.

1226 1296 1737 1394 SEOTIO
1800 1299 1931 1392 H.

653 1513 749 1561 DE
796 1509 1114 1561 RATIONE
1161 1510 1585 1567 PROCESSUM
1626 1509 2095 1560 ‘CONFICIENDI
2143 1509 2218 1557 IN
2268 1509 2499 1559 CAUSA

566 1618 1159 1668 DISPENSATIONIS
1203 1616 1644 1667 MATRIMONII
1676 1617 1841 1666 RATI
1892 1618 2039 1667 NON
2089 1616 2570 1666 CONSUMMATI.

1340 1798 1695 1877 CAPUT
1754 1799 1811 1874 Ι.

506 1983 606 2063 De
664 1979 974 2082 speciali
1034 2001 1284 2062 norma
1340 2001 1429 2061 ex
1504 1979 1656 2061 iure
1714 1980 2080 2062 servanda
2134 1979 2222 2061 ad
2281 1976 2630 2061 eiusmodi

1003 2104 1589 2207 dispensationes
1648 2102 2162 2206 impetrandas.

488 2322 548 2387 1.
614 2319 1037 2388 Recolenda
1102 2321 1428 2406 primum
1493 2325 1670 2389 sunt
1726 2338 1923 2407 quae
1981 2319 2422 2391 Benedictus
2483 2316 2661 2384 XIV
2737 2318 2801 2382 in

342 2428 598 2497 Const.
653 2448 690 2490 «
739 2426 882 2495 Dei
924 2425 1403 2496 miseratione
1450 2450 1487 2491 »
1540 2427 1787 2496 statuit
1825 2425 2198 2495 servanda
2249 2444 2383 2511 pro
2432 2424 2809 2512 dispensa*

346 2534 679 2604 tionibus
725 2554 789 2604 a.
817 2534 1113 2603 vinculo
1144 2533 1594 2602 matrimonii
1627 2533 1756 2602 rati
1794 2552 1944 2601 non
1979 2533 2502 2602 consummati.
2555 2533 2805 2622 Itaque

342 2643 431 2710 N.
473 2643 559 2710 15
587 2642 1053 2728 praescribit:
1107 2663 1144 2705 «
1178 2642 1274 2713 Ut
1320 2639 1753 2709 huiusmodi
1788 2641 2174 2709 instantiae
2209 2640 2371 2726 (pro
2404 2641 2638 2726 gratia
2673 2642 2811 2706 dis-

352 2749 821 2838 pensationis
875 2748 1136 2819 ordine
1182 2769 1277 2817 ac
1323 2746 1467 2816 rite
1508 2746 1935 2837 procedant
1976 2745 2332 2814 volumus
2378 2765 2468 2814 ac
2514 2746 2817 2815 manda-

347 2875 551 2942 muS‚
602 2860 688 2924 ut
731 2855 1065 2945 supplem
1113 2853 1395 2923 libellas
1452 2852 1678 2922 Nobis
1730 2852 1842 2922 vel
1891 2855 2240 2921 Romano
2290 2850 2646 2941 Pontifici
2669 2874 2813 2942 pra

351 2970 691 3051 tempore
737 2961 1223 3047 eoelzibeatur,
1278 2961 1347 3029 in
1400 2980 1553 3049 quo
1600 2961 1820 3048 plena
1875 2967 1948 3029 et
1991 2967 2346 3029 accurata
2380 2962 2604 3028 totius
2649 2958 2809 3026 facti

348 3073 645 3157 species
691 3071 1170 3157 contineatur,
1220 3087 1649 3155 causaeque
1683 3086 1954 3136 omnes
2002 3068 2071 3135 in
2124 3086 2213 3135 eo
2277 3068 2813 3155 exprimantur„

349 3196 551 3264 quae
612 3177 705 3247 ad
772 3178 1248 3247 obtinendam
1316 3177 1615 3262 petitam
1679 3176 2318 3263 dispensationem
2388 3175 2813 3246 conduceve

350 3302 583 3371 posse
631 3304 678 3353 a
735 3285 1198 3373 supplicante
1258 3289 1694 3372 censentur;
1759 3292 1842 3354 ut
1886 3287 2281 3354 Romanus
2332 3282 2669 3352 Pontifex
2729 3306 2817 3354 es]

353 3393 541 3460 lecto
591 3398 662 3461 et
715 3400 1007 3463 matut-e
1068 3392 1568 3480 considerem,
1618 3410 1878 3460 secum
1930 3391 2343 3460 deliberare
2395 3391 2661 3478 possit,
2721 3410 2813 3458 an

354 3501 779 3587 petitionem
833 3502 1131 3588 reliciat,
1186 3502 1298 3571 vel
1348 3502 1511 3571 eius
1567 3519 1891 3570 examen
1957 3500 2172 3569 alicui
2220 3519 2320 3569 ex
2376 3499 2586 3567 dictis
2643 3502 2819 3566 Cun-

355 3608 916 3695 gregationibus
976 3610 1388 3679 committat
1410 3629 1427 3696 ;
1490 3628 1531 3678 a
1597 3628 1744 3695 qua
1806 3613 2206 3695 postquam
2273 3624 2498 3673 suum
2567 3613 2817 3673 namma

358 3712 855 3782 consultitmm
912 3716 1189 3785 editum
1243 3715 1488 3802 fuerit,
1538 3735 1581 3785 a
1631 3714 2043 3784 Secretario
2106 3711 2445 3781 eiusdem
2505 3712 2819 3798 Congre-

359 3821 679 3909 gationis
726 3823 948 3892 totius
996 3825 1266 3912 negotii
1318 3824 1553 3893 series
1600 3827 1865 3892 exacte
1913 3823 2258 3889 Romano
2310 3816 2641 3886 Pontifici
2685 3838 2821 3906 [ιι-ιτ]

360 3936 703 4016 tempore
752 3928 1107 4000 refer-atur
1138 3932 1267 4018 qui
1315 3949 1453 4018 pro
1501 3949 1637 3999 sua
1673 3928 2066 4017 prudentia
2101 3926 2464 4013 iudicabit,
2504 3945 2606 3993 an
2652 3926 2825 3994 Cim-

361 4035 821 4125 gregationis
859 4036 1213 4107 resolutio
1247 4036 1345 4108 sit
1374 4035 1908 4126 approbanda,
1951 4035 2062 4103 vel
2100 4034 2348 4122 potius
2396 4033 2618 4101 totius
2657 4054 2825 4102 mm-

364 4161 497 4212 sae
532 4163 854 4214 examen
903 4146 1106 4215 alteri
1142 4145 1703 4234 Congregationi
1743 4143 1861 4212 vel
1893 4142 2291 4228 Tribunali,
2328 4147 2551 4228 prout
2581 4140 2821 4207 eidem

369 4248 700 4320 Pontifici
752 4251 1135 4339 videbitur,
1172 4271 1442 4320 rursus
1473 4248 2095 4320 committendum
2130 4269 2193 4314 ».

497 4358 562 4424 2.
613 4357 848 4426 Porro
897 4379 1078 4428 vero
1125 4358 1359 4428 Sacra
1405 4358 1951 4444 Congregati0,·
1987 4356 2106 4424 cui
2154 4374 2197 4423 a
2249 4356 2593 4422 Romano
2641 4354 2825 4420 Pon-

365 4460 559 4531 tiflce
623 4465 977 4551 supplicis
1040 4464 1252 4533 libelli
1317 4482 1641 4534 examen
1706 4481 1842 4549 pro
1909 4467 2078 4529 voto
2135 4459 2553 4529 consultivo
2612 4457 2825 4526 fuerit

505 4655 523 4692 ¹
568 4654 760 4713 Idem.
809 4654 962 4712 ibid.
