3509 5317
870 498 1049 559 ..303-

349 639 397 709 sit
418 637 482 725 qui
505 634 675 724 appellet,
699 635 780 722 ipse
803 634 916 705 etiam
947 634 996 704 ab
1024 635 1274 722 appellatione
1304 654 1347 706 se
1378 637 1590 709 abstineat:

347 748 462 836 idque
486 746 598 816 etiam
622 747 794 814 servetur
819 742 850 811 si
874 761 896 812 a
921 741 1046 812 iudice
1069 743 1259 812 secundae
1283 744 1481 814 instantiae
1514 763 1587 832 pro

349 855 535 928 validitate
569 851 796 923 matrimonii
830 848 941 921 fuerit
974 849 1201 938 iudicatum,
1227 855 1428 939 postquam
1463 853 1588 923 ludex

351 963 495 1052 primae
518 959 714 1029 instantiae
737 959 785 1029 de
809 957 906 1028 illius
928 958 1094 1028 nullitate
1117 959 1340 1028 sententiam
1364 961 1591 1047 pronuncia·

351 1075 477 1156 verat;
502 1070 559 1139 sin
584 1077 709 1141 autem
734 1071 862 1136 contra
887 1067 1111 1136 matrimonii
1144 1065 1368 1139 validitatem
1402 1068 1590 1140 sententia

351 1178 500 1265 teratur,
526 1175 700 1246 defensor
722 1176 817 1244 inter
841 1173 1003 1261 legitima
1026 1174 1423 1264 temporastappellabit
1448 1175 1591 1247 adilae

352 1306 440 1359 rens
464 1287 569 1374 parti,
593 1303 692 1372 quae
715 1300 784 1371 pro
809 1281 995 1353 validitate
1018 1282 1173 1371 agebat;
1198 1300 1287 1353 cum
1311 1287 1438 1353 autem
1463 1282 1500 1350 in
1536 1282 1592 1352 iu-

353 1396 447 1466 dicio
471 1412 584 1462 nemo
610 1410 709 1461 unus
732 1390 799 1476 sit,
823 1390 888 1477 qui
912 1407 982 1477 pro
1006 1389 1231 1458 matrimonii
1256 1388 1442 1460 validitate
1475 1410 1590 1481 nego·

352 1505 444 1575 tium
469 1500 621 1585 insistat
646 1498 704 1567 vel
728 1497 759 1566 si
783 1496 888 1583 adsit,
915 1496 988 1566 lata
1011 1504 1140 1567 contra
1165 1515 1253 1565 eum
1277 1498 1472 1586 sententia,
1497 1498 1589 1568 iudi·

352 1611 453 1681 cium
489 1606 713 1690 deseruerit,
739 1605 818 1692 ipse
850 1623 901 1674 ex
931 1603 1053 1673 officio
1077 1603 1126 1673 ad
1150 1604 1398 1692 superiorem
1418 1605 1590 1676 iudicem

353 1714 580 1809 provocabit.

418 1828 441 1910 ἓ
462 1828 495 1895 9.
520 1820 775 1910 Appellatione
798 1840 821 1890 a
845 1821 966 1907 prima
983 1820 1164 1889 sententia
1182 1821 1378 1907 pendente,
1395 1820 1455 1890 vel
1471 1821 1590 1891 etiam

351 1933 455 2005 nulla
480 1931 529 2002 ob
552 1927 730 1999 malitiam
755 1926 814 1998 vel
838 1927 1072 1997 oscitantiam
1095 1926 1154 1996 vel
1186 1926 1432 1997 collusionem
1464 1926 1593 1997 defen·

352 2043 450 2113 soris
473 2045 509 2108 et
532 2038 693 2126 partium
717 2036 930 2122 interposita
954 2036 985 2103 si
1010 2034 1124 2103 ambo
1155 2034 1214 2104 vel
1246 2054 1345 2105 unus
1380 2055 1431 2106 ex
1460 2034 1594 2107 coniu-

353 2151 464 2239 gibus
486 2163 608 2216 novas
631 2145 780 2233 nuptias
803 2142 995 2213 celebrare
1027 2160 1147 2213 ausus
1173 2142 1302 2230 fuerit,
1328 2143 1510 2213 volumus
1541 2162 1593 2215 ac

353 2256 602 2340 decernimus,
627 2258 764 2321 utnon
789 2251 915 2320 solum
939 2256 1138 2321 serventur
1160 2268 1260 2338 quae
1283 2249 1470 2322 adversus
1507 2270 1591 2339 eoa,

353 2364 417 2452 qui
441 2360 719 2431 matrimonium
744 2365 873 2428 contra
891 2358 1127 2428 interdictum
1143 2358 1332 2428 Ecclesiae
1348 2360 1591 2447 contrahunt,

353 2474 487 2541 statuta
512 2474 608 2554 sunt,
634 2467 853 2556 praesertim
878 2472 920 2535 ut
942 2466 1102 2537 invicem
1126 2487 1148 2537 a
1172 2467 1445 2538 cohabitatione
1480 2487 1594 2556 sepa·

353 2583 492 2663 rentur,
517 2577 766 2665 quoadusque
789 2573 905 2645 altera
929 2574 1109 2644 sententia
1134 2593 1251 2662 super
1285 2575 1450 2646 nullitate
1485 2597 1594 2649 erna-

354 2685 519 2771 naverit,
543 2705 564 2755 a
589 2705 662 2771 qua
688 2684 780 2753 intra
805 2680 933 2751 decem
954 2680 1033 2751 dies
1057 2700 1131 2750 non
1164 2682 1210 2751 sit
1244 2683 1495 2772 appellatum,
1526 2688 1595 2757 vel

353 2791 549 2881 appellatio
574 2791 786 2878 interposita
810 2791 957 2860 deserta
982 2789 1117 2860 deinde
1132 2788 1261 2877 fuerit3
1286 2791 1354 2861 sed
1371 2792 1530 2862 ulterius
1547 2801 1596 2864 ut

353 2900 580 2971 contrahens
593 2899 650 2968 vel
663 2896 925 2969 contrahentes
941 2898 1221 2968 matrimonium
1240 2898 1456 2968 huiusmodi
1468 2902 1595 2970 omni·

354 3007 426 3075 bus
450 3005 580 3093 poenis
603 3012 731 3075 contra
755 3006 966 3094 poligamos
989 3025 1013 3075 a
1035 3007 1155 3075 sacris
1178 3005 1396 3076 Canonibus
1426 3011 1463 3077 et
1493 3008 1593 3077 Con·

353 3112 603 3183 stitutionibus
618 3113 831 3200 apostolicis
847 3113 1053 3183 constitutis
1070 3113 1223 3183 omnino
1239 3114 1468 3200 subiaceant,
1487 3135 1593 3203 quas

353 3221 390 3287 in
414 3238 491 3306 eoa,
515 3225 702 3307 quatenus
726 3239 823 3308 opus
845 3221 912 3308 sit,
938 3226 1065 3307 motu,
1090 3220 1245 3290 scientia
1267 3238 1312 3291 ac
1336 3226 1520 3308 potestate
1544 3224 1593 3292 si·

353 3328 430 3398 mili
454 3346 587 3398 rursus
610 3321 821 3413 statuimus
845 3329 1086 3399 decernimus
1109 3349 1154 3399 ac
1179 3348 1419 3399 renovamus.

419 3439 442 3521 ἓ
465 3439 518 3507 10.
543 3438 794 3525 Posteaquam
819 3456 909 3507 vero
933 3437 1192 3525 appellationis
1215 3435 1397 3506 beneflcio
1421 3436 1470 3507 ad
1501 3437 1593 3508 alte·

353 3562 440 3614 rum
477 3543 641 3613 Iudicem
678 3558 794 3615 causa
829 3545 865 3613 in
903 3543 1073 3614 secunda
1107 3542 1278 3613 instantia
1308 3541 1431 3614 delata
1466 3542 1590 3630 tuerit,

247 3706 251 3713 .
353 3656 481 3723 omnia
504 3658 540 3723 et
561 3653 709 3741 singula
733 3669 998 3740 quaecumque
1021 3669 1150 3720 coram
1177 3649 1300 3719 Iudice
1324 3650 1361 3718 in
1387 3651 1511 3738 prima
1537 3652 1592 3719 in·

352 3760 488 3830 stantia
510 3759 697 3828 servanda
721 3756 916 3846 praefinita
939 3756 1101 3843 fuerunt,
1125 3758 1235 3826 etiam
1259 3774 1389 3825 coram
1414 3756 1533 3826 altero
1550 3759 1589 3825 in

353 3867 520 3936 secunda
544 3872 675 3936 exacte
699 3885 743 3936 ac
767 3866 960 3954 diligenter
985 3866 1251 3952 custodientur,
1275 3865 1385 3935 citato
1411 3865 1446 3933 in
1473 3866 1590 3953 quoli-

353 3972 415 4041 bet
437 3972 558 4041 iudicii
582 3977 666 4041 actu
691 3971 1157 4065 defensorematrimonii,
1182 3971 1245 4059 qui
1271 3989 1363 4040 voce
1387 3978 1424 4041 et
1446 3971 1589 4059 scripto

355 4078 578 4148 matrimonii
602 4079 827 4149 validitatem
852 4089 1005 4149 strenue
1029 4098 1075 4148 ac
1098 4098 1166 4166 pro
1192 4080 1334 4148 viribus
1358 4081 1534 4160 tuebitur,
1551 4088 1588 4151 et

353 4186 384 4253 si
408 4186 527 4256 ludex
550 4189 586 4254 in
616 4187 783 4257 secunda
813 4188 986 4257 instantia
1022 4185 1131 4256 fuerit
1164 4187 1497 4274 Metropolitanus,
1522 4194 1588 4258 aut

353 4293 460 4363 Sedis
483 4294 708 4382 apostolicae
731 4295 922 4381 NunciuS,
947 4301 1012 4363 aut
1033 4296 1245 4381 Episcopus
1267 4294 1440 4381 vicinior,
1466 4296 1588 4364 matri-

352 4399 465 4469 monii
490 4400 664 4471 defensor
687 4402 733 4470 sit
755 4403 818 4489 qui
843 4401 892 4471 ab
915 4402 1006 4489 ipsis
1028 4399 1138 4470 fuerit
1160 4399 1383 4488 deputatus,
1408 4399 1588 4489 quemad-

352 4507 510 4577 modum
534 4508 624 4594 ipsis
647 4507 827 4595 deputare
853 4509 1094 4597 mandamus,
1121 4513 1160 4576 ut
1182 4526 1280 4597 quae
1297 4527 1321 4576 a
1335 4507 1454 4577 Nobis
1477 4527 1588 4596 supe·

352 4616 431 4684 rius
453 4615 651 4685 constituta
675 4622 773 4701 sunt,
799 4634 980 4705 peragere
1003 4620 1142 4704 possit3
1179 4617 1211 4685 si
1242 4621 1371 4685 autem
1403 4616 1523 4687 ludex
1546 4616 1582 4685 in
1708 4679 1714 4690 .
