3509 5317
1431 535 1504 548 —
1549 503 1786 561 469—

1317 824 1321 826 ⁷
1515 728 1711 797 XlV.

803 912 1125 982 Decretum
1173 917 1400 984 Leonis
1444 915 1580 997 ΧΙΙΙ,
1627 919 1740 1008 diei
1785 919 1862 986 15
1905 920 2196 988 februarii
2239 920 2419 989 1892.

1298 1191 1477 1259 LEO
1537 1191 1671 1259 PP.
1729 1191 1923 1260 XIII.
2006 1135 2013 1142 ·

1016 1354 1109 1401 ΑΙ)
1160 1353 1597 1403 PERPETUAM
1645 1355 1770 1403 REI
1806 1354 2215 1404 MEMORIAM.

511 1476 947 1546 Consensus
1009 1483 1339 1564 mutuus,
1391 1478 1590 1547 unde
1639 1479 2109 1548 matrimonia
2160 1478 2346 1548 iusta
2411 1482 2840 1550 nascuntur.

379 1602 527 1653 non
581 1583 831 1652 verbis
881 1584 1287 1654 dumtaxat
1330 1586 1462 1655 sed
1513 1585 1672 1655 aliis
1719 1604 2022 1673 quoque
2069 1585 2302 1673 signis
2348 1584 2840 1654 exterioribus

378 1689 704 1778 patefieri
755 1710 843 1760 ac
896 1691 1257 1762 declarari
1319 1697 1578 1779 potest.
1636 1693 2145 1774 Quamobrem
2202 1692 2630 1762 Alexander
2664 1693 2748 1759 Ill

380 1800 854 1868 Innocentius
902 1799 996 1865 ΙΙΙ
1054 1796 1098 1885 ²,
1169 1804 1240 1868 et
1309 1800 1713 1888 Gregorius
1778 1801 1881 1868 IX
1935 1797 1980 1885 ⁸,
2053 1800 2491 1869 decessores
2559 1801 2836 1870 Nostri.

378 1906 640 1974 merito
687 1906 1196 1976 decreverunt
1249 1912 1325 1975 ut
1371 1906 1691 1987 carnalis
1739 1906 2029 1993 copula,
2078 1907 2139 1975 si
2187 1907 2566 1993 sponsalia
2616 1907 2708 1975 de
2748 1910 2840 1972 lii-

381 2021 551 2082 turo
596 2019 794 2083 certa
846 2031 936 2082 ac
990 2014 1241 2084 valida
1300 2000 1906 2101 praecessissent,
1955 2032 2130 2082 cum
2202 2013 2272 2080 in
2349 2013 2614 2082 iudicio
2688 2022 2836 2078 [nni

379 2130 590 2192 extra
639 2122 993 2190 iudicium
1060 2141 1196 2208 pro
1247 2140 1426 2190 vero
1476 2121 1822 2206 coniugio
1872 2121 2288 2205 haberetur,
2342 2120 2478 2188 nis'i
2550 2121 2840 2206 impelli-

380 2234 714 2298 mentum
766 2229 1230 2298 canonicum
1282 2228 1698 2296 obstitisset.
1749 2230 1839 2296 Et
1883 2228 1953 2294 in
2006 2228 2145 2295 hac
2214 2227 2396 2295 iuris
2458 2244 2840 2312 praesum-

379 2338 625 2422 ptione
674 2341 964 2405 tantum
1036 2335 1326 2404 roboris
1378 2336 1620 2404 inesse
1690 2334 2103 2421 voluerunt,
2156 2338 2234 2403 ut
2299 2331 2605 2401 firmum
2680 2334 2832 2418 ipss..

377 2448 730 2514 statueret
761 2445 1243 2530 sanciretque
1277 2443 1394 2511 ius
1427 2461 1564 2512 nec
1597 2443 2109 2530 probationem
2138 2444 2585 2511 contrariam
2613 2440 2836 2508 ullam

377 2552 812 2620 admitteret.
866 2551 1152 2620 Deinde
1201 2568 1380 2617 vero
1429 2549 1904 2619 matrimonia
1934 2548 2409 2636 clandestina,
2446 2548 2515 2618 id
2547 2554 2658 2617 est
2688 2570 2832 2614 ‘nun

377 2666 770 2746 praesente
820 2661 1170 2728 Parocho
1221 2666 1292 2728 et
1337 2659 1642 2729 duobus
1673 2660 2004 2728 tribusve
2037 2659 2347 2728 testibus
2378 2659 2569 2743 inita,
2604 2677 2836 2747 quum

377 2766 784 2836 Concilium
860 2768 1379 2836 Tridentinum
1443 2765 1464 2801 ⁸
1532 2768 1724 2836 irrita
1779 2766 2192 2853 infectaque
2251 2786 2420 2835 esse
2485 2766 2840 2838 iussisssm

378 2875 495 2942 ius
541 2874 716 2942 illud
775 2874 1137 2960 priscum,
1189 2880 1268 2942 ut
1313 2880 1472 2943 erat
1517 2892 1847 2959 necesse,
1915 2874 2162 2943 valere
2232 2874 2445 2944 desiit
2516 2874 2840 2942 ubicum-

379 2999 525 3068 que
575 2982 1043 3067 promulgata
1098 2980 1210 3048 vel
1277 2981 1617 3049 moribus
1687 3000 1985 3068 usuque
2054 2989 2344 3068 recepta
2417 2980 2832 3050 Tridentium

379 3087 521 3155 lex.
573 3087 856 3168 Quibus
911 3094 1163 3156 autem
1213 3086 1335 3156 illa
1389 3087 1570 3156 locis
1616 3106 1765 3155 non
1818 3087 2032 3173 viget,
2083 3087 2155 3154 in
2190 3088 2275 3156 iis
2320 3106 2624 3175 semper
2656 3094 2844 3174 Aw-

379 3194 676 3263 stolicae
725 3195 947 3263 Sedis
994 3194 1344 3263 iudicium
1415 3192 1562 3278 fuit,
1635 3179 2014 3279 canones,⁴
2057 3213 2251 3282 quos
2321 3195 2836 3270 indic-avimus,

378 3307 580 3367 ratos
625 3305 848 3387 atque
894 3298 1162 3368 firmos
1208 3303 1739 3387 permansisse.
1791 3301 1935 3370 Sed
1985 3307 2313 3370 aetatum
2362 3302 2708 3382 decursu,
2744 3326 2836 3370 vx

376 3407 826 3476 conscientia
874 3414 945 3476 et
992 3408 1413 3496 cognitione
1460 3407 2033 3477 christianorum
2107 3409 2386 3478 sensim
2457 3407 2840 3478 effluxcw-

376 3512 640 3583 Plures
683 3515 886 3583 enim
942 3514 1287 3602 Episcopi
1338 3533 1437 3582 ex
1483 3515 1570 3582 iis
1619 3514 2067 3603 regionibus,
2118 3515 2186 3583 in
2261 3517 2537 3603 quibus
2606 3522 2840 3583 murri-

378 3622 626 3690 monia
675 3620 1133 3690 clandestina
1181 3627 1442 3689 contra
1487 3619 1599 3689 fas
1646 3621 1947 3708 quidem
2002 3622 2192 3706 inita,
2241 3623 2375 3691 sed
2425 3628 2673 3692 tamen
2728 3646 2840 3686 w-

380 3725 518 3796 lida
573 3727 1015 3813 iudicantur,
1073 3728 1271 3798 haud
1323 3728 1416 3796 ita
1465 3727 1754 3813 pridem
1809 3730 2037 3818 rogati
2109 3728 2284 3816 quid
2356 3728 2680 3816 populus
2756 3750 2836 3794 sus,

377 3831 470 3900 de
520 3852 598 3902 re
646 3836 921 3904 sentire
995 3834 1391 3919 videretur,
1463 3835 1683 3923 plane
1747 3835 2175 3924 retulerunt,
2247 3836 2680 3906 canonicam
2752 3838 2840 3898 aiv.

377 3941 740 4030 coniugiis
789 3942 1295 4029 praesumptis
1352 3932 1819 4030 disciplinam
1893 3943 2176 4028 passim
2249 3944 2668 4012 exolevisse
2728 3946 2840 4010 ile*

375 4047 772 4118 suetudine
823 4055 1047 4136 atque
1095 4049 1471 4119 oblivione
1518 4049 1887 4120 deletam:
1936 4059 2325 4137 propterea
2379 4051 2503 4119 vix
2562 4056 2688 4119 aut
2756 4074 2840 4114 lli!

511 4302 529 4337 ¹
579 4301 727 4378 Gap.
784 4301 1098 4369 Veniens,
1140 4305 1213 4362 de
1259 4303 1544 4381 Sponsal.

508 4399 533 4437 2
577 4398 724 4476 Gap.
779 4401 920 4457 Tua
966 4419 1104 4464 nos,
1154 4401 1360 4460 eodem
1406 4401 1507 4460 tit.

509 4496 532 4533 ³
579 4496 724 4574 Gap.
775 4497 843 4555 Is
887 4502 1006 4572 qui
1047 4499 1274 4573 fidem,
1317 4497 1524 4556 eodem
1569 4499 1672 4558 tit.

514 4596 538 4633 ⁴
584 4596 744 4655 SesS.
796 4597 1031 4657 XXIV.
1081 4597 1227 4674 Gap.
1282 4597 1310 4654 1
1357 4597 1428 4656 de
1471 4597 1746 4656 Reform.
1798 4597 2073 4657 matrim.
