3509 5317
1770 512 2082 572 ...34-

701 652 1139 715 asseverant
1169 643 1214 713 ¹.
1246 682 1291 695 -
1326 647 1405 715 In
1455 647 1597 716 hac
1644 651 1895 717 autem
1945 646 2298 733 Ecclesia,
2350 646 2533 715 ratio
2572 644 2937 715 canonica
2965 663 3169 714 com-

705 752 1208 839 putandorum
1256 754 1636 842 graduum
1683 754 1963 824 obtinet
2007 773 2097 825 ac
2144 753 2484 841 religiose
2530 757 2877 821 servatur
2908 754 3160 840 quoad

705 860 1172 930 matrimonia
1219 859 1588 948 fidelium3
1638 865 1715 929 at
1762 862 2011 949 quoad
2060 861 2585 931 successiones
2632 859 3167 932 haereditarias

701 967 950 1037 adhuc
994 987 1094 1037 ex
1141 968 1298 1039 iure
1346 968 1536 1037 civili
1585 967 1873 1055 gradus
1919 968 2408 1038 aestimantur
2458 964 2504 1034 ².

833 1078 899 1145 5.
948 1077 1106 1144 Iam
1178 1094 1359 1146 vero
1410 1081 1490 1146 ut
1543 1076 2182 1168 perspiciatur-ad
2236 1080 2418 1163 quot
2472 1074 2937 1162 cognationis
2993 1093 3160 1162 gra·

701 1183 884 1251 lium
931 1184 1379 1253 extendatur
1438 1182 2058 1270 impedimentum
2129 1182 2813 1270 consanguinitatiS,
2886 1186 2971 1251 et,
3002 1200 3161 1269 quo

701 1295 855 1360 lure
903 1291 1464 1361 matrimonium
1516 1291 1829 1378 dirimat,
1882 1292 2068 1361 haec
2115 1291 2509 1360 statuenda
2559 1294 2768 1360 sunt:

828 1400 893 1467 6.
944 1396 1330 1466 Primum:
1376 1397 2003 1486 Consanguinitas
2034 1397 2106 1466 in
2143 1396 2339 1466 linea
2362 1400 2574 1467 recta
2597 1396 3155 1465 matrimonium

697 1504 967 1574 dirimit
1029 1502 1444 1593 indefinite,
1511 1502 1788 1574 scilicet
1852 1509 2414 1592 quotocumque
2477 1503 2593 1572 vel
2656 1502 3157 1574 remotissimo

697 1611 936 1699 gradu
985 1611 1171 1680 inter
1217 1631 1302 1682 se
1347 1612 1620 1682 distent
1667 1617 2115 1700 generantes
2162 1616 2233 1679 et
2277 1610 2499 1698 geniti
2533 1609 2577 1677 ⁸.
2628 1611 2909 1680 Natura
2955 1610 3157 1678 enim

697 1719 793 1783 :ab
842 1717 1273 1793 huiusmodi
1321 1720 1595 1806 nuptiis
1627 1717 2154 1802 abhorremuS,
2189 1723 2262 1786 et
2285 1716 2530 1786 officia
2558 1717 2967 1805 coniugum
3002 1734 3155 1785 non

697 1827 886 1895 liene
932 1834 1361 1915 congruunt
1390 1845 1568 1896 cum
1599 1824 1884 1912 officiiS,
1919 1844 2117 1913 quae
2143 1826 2349 1895 liberi
2375 1823 2807 1912 parentibus
2829 1823 3160 1893 tribuere

697 1935 965 2003 dehent
1009 1931 1056 2000 ὅ.

828 2045 891 2110 7.
922 2041 1385 2111 Secundum:
1438 2040 2069 2129 Consanguinitas
2101 2040 2173 2106 in
2207 2037 2402 2107 linea
2438 2042 2881 2107 transversa
2913 2037 3160 2105 matri-

697 2147 1036 2217 nfflnium
1083 2148 1356 2217 dirimit
1406 2167 1647 2235 usque
1694 2146 1801 2216 ad
1862 2150 2226 2233 quartam
2269 2143 2631 2234 yradum,
2700 2142 2943 2232 gradu
2992 2143 3158 2229 ipso

697 2254 1262 2341 comprehenSO,
1313 2260 1384 2323 et
1413 2273 1566 2323 non
1601 2254 1816 2323 ultra.
1867 2253 2252 2341 Siquidem
2286 2270 2461 2321 cum
2497 2252 2677 2320 olim
2710 2251 3154 2338 consangui-

697 2363 884 2431 nitas
930 2361 1306 2430 dirimeret
1353 2361 1913 2431 matrimonium
1947 2379 2194 2449 usque
2241 2361 2337 2430 ad
2363 2359 2769 2446 septimum
2795 2357 3155 2426 inclusive

693 2469 1014 2554 gradum
1067 2466 1301 2536 lineae
1349 2472 1846 2555 transversae,
1898 2466 2384 2555 postmodum
2435 2466 2508 2533 in
2557 2464 2877 2535 Concilio
2952 2465 3157 2533 Late-

697 2576 991 2644 rzmensi
1038 2575 1185 2644 sub
1233 2575 1658 2646 Innocentio
1707 2576 1801 2644 111
1852 2576 2273 2645 restrictum
2321 2572 2455 2644 fuit
2486 2574 2629 2642 hoc
2675 2572 3153 2659 impedimen-

697 2695 853 2749 tum
917 2681 1273 2750 dirimens
1320 2682 1416 2751 ad
1465 2682 1790 2770 gradum
1850 2687 2206 2771 quartum
2239 2680 2285 2751 ⁵.
2341 2717 2377 2729 -
2426 2681 2668 2749 Huius
2730 2684 2982 2750 autem
3045 2696 3154 2747 re-

829 2848 848 2884 ¹
894 2847 1022 2909 Gfr.
1082 2849 1571 2926 Papp-Szilagyi
1634 2852 1750 2910 loc.
1816 2854 1925 2912 cit.
1967 2867 2123 2929 pay.
2173 2850 2344 2920 445‚·
2384 2881 2461 2895 —
2504 2854 2569 2909 et
2624 2847 2873 2909 Ioannis
2933 2846 3154 2906 Devoti

697 2947 860 3003 inst.
894 2948 1199 3005 canonic.
1238 2947 1345 3005 lib.
1384 2946 1448 3006 2.
1485 2950 1579 3006 cit.
1616 2946 1682 3007 2.
1716 2956 1868 3009 sect.
1904 2947 1966 3007 9.
2002 2950 2040 3024 ἓ
2076 2947 2230 3007 134.
2263 2949 2487 3007 adnot.
2530 2947 2589 3007 1.
2618 2961 2777 3022 pay.
2820 2941 3150 3003 224·225.

697 3043 840 3103 wilt.
888 3044 1120 3102 Romae
1168 3042 1343 3102 1818.

823 3139 848 3177 2
890 3140 1057 3199 Haec
1101 3146 1166 3200 et
1206 3142 1335 3202 alia
1390 3143 1734 3203 huiusmodi
1792 3146 1987 3221 quoad
2044 3149 2400 3205 contractus
2441 3149 2507 3204 et
2548 3143 2825 3203 actiones
2866 3145 3155 3201 accurate

697 3244 912 3297 natant
954 3239 1229 3298 Sanchez
1278 3240 1384 3298 lib.
1439 3241 1502 3299 7.
1552 3242 1720 3316 disp.
1772 3240 1884 3301 50.
1936 3261 2005 3301 n.
2058 3244 2121 3302 8.
2171 3244 2402 3318 aliique
2449 3242 2697 3319 passim.

824 3334 849 3373 ³
891 3335 1151 3396 Constat
1206 3355 1282 3395 ex
1337 3355 1626 3415 responso
1681 3340 1746 3397 S.
1807 3340 2053 3399 Nicolai
2108 3342 2134 3399 I
2186 3340 2264 3399 ad
2317 3340 2658 3416 Bulgar08‚
2705 3357 2820 3416 quo
2879 3339 3146 3398 dicitur:

693 3467 717 3483 ..
761 3435 844 3492 De
874 3435 1411 3511 consanguinitate
1435 3436 1903 3513 generationum
1934 3437 2291 3513 exquiritiS,
2319 3442 2387 3496 ut
2416 3438 2637 3514 quibus
2666 3439 2875 3514 utique
2907 3437 3152 3497 feminis

693 3559 717 3587 a·
757 3532 927 3609 iungi
959 3533 1256 3604 debentia,
1291 3532 1521 3610 liquide
1564 3536 1993 3612 cognoscatis:
2029 3553 2244 3595 verum
2287 3537 2442 3611 quod
2476 3537 2650 3612 leges
2680 3537 2823 3595 hinc
2866 3538 3154 3595 sanciunt

693 3655 717 3683 ῃ
757 3631 881 3689 iam
925 3631 1337 3703 meminimus,
1370 3637 1435 3691 et
1477 3633 1668 3691 denuo
1699 3651 2045 3693 memorare
2085 3634 2444 3693 summatim
2486 3650 2708 3711 operae
2749 3634 3017 3712 pretium
3047 3633 3153 3692 du-

693 3755 721 3782 ‹ca
757 3731 993 3801 cimu83
1040 3729 1217 3789 aiunt
1245 3730 1446 3787 enim:
1485 3730 1649 3806 Ergo
1679 3748 1796 3789 non
1842 3749 2049 3791 omnes
2081 3732 2254 3791 nobis
2285 3749 2510 3792 uxores
2538 3732 2758 3791 ducere
2788 3732 2971 3791 licet:
3008 3748 3150 3790 nam

693 3855 717 3875 a
757 3828 1156 3903 quarumdam
1187 3829 1420 3904 nuptiis
1448 3829 1763 3888 abstinere
1792 3831 2101 3902 debemus,
2135 3831 2300 3890 inter
2344 3849 2448 3890 eas
2478 3826 2640 3889 e'nim
2677 3847 2971 3915 personas
2997 3847 3150 3905 quae

693 3959 717 3979 a.
757 3934 1102 4007 parentum,
1150 3930 1565 3989 liberorumve
1624 3931 1821 3991 locum
1868 3933 2035 3991 inter
2078 3951 2142 3991 se
2200 3931 2504 4004 obtinent,
2554 3931 2805 4009 nuptiae
2863 3929 3148 3990 contrahi

693 4055 720 4083 a.
757 4047 872 4087 non
915 4034 1188 4105 possunt,
1237 4029 1432 4088 veluti
1477 4030 1641 4088 inter
1692 4034 1936 4107 patrem
1980 4035 2045 4090 et
2100 4030 2324 4102 filiam,
2371 4031 2474 4089 vel
2529 4046 2717 4088 avum
2760 4033 2826 4088 et
2879 4032 3147 4105 neptem,

693 4155 721 4179 ῃ.
761 4131 1024 4187 matrem
1073 4132 1139 4187 et
1192 4127 1414 4199 filium,
1474 4129 1683 4187 aviam
1726 4134 1793 4187 et
1835 4132 2139 4205 nepotem,
2184 4133 2249 4188 et
2304 4146 2512 4205 usque
2564 4128 2653 4187 ad
2708 4130 3057 4205 infinitum
3087 4143 3146 4186 ν.

697 4227 844 4283 Ψῑεῑθ
886 4224 1109 4301 Opusc.
1144 4224 1487 4299 Responsa
1526 4225 1795 4283 Nicolai
1824 4225 1868 4282 I
1893 4225 1982 4283 ad
2009 4226 2313 4284 consulta
2342 4225 2821 4300 Bulyarorum,
2850 4242 2996 4302 cap.
3037 4221 3142 4281 39.

693 4339 837 4399 my.
886 4320 995 4379 23.
1033 4354 1109 4366 —
1139 4323 1289 4382 edit.
1339 4324 1572 4383 Romae
1620 4321 1800 4382 1860.

821 4421 844 4458 ⁴
887 4421 1112 4481 Devoti
1159 4422 1273 4480 loc.
1321 4423 1429 4481 cic,
1477 4421 1515 4495 ἓ
1566 4419 1720 4480 135.

821 4519 846 4556 ⁵
889 4520 1036 4596 Cap.
1093 4537 1228 4577 non
1281 4519 1463 4577 debet
1502 4519 1566 4574 8.
1613 4517 1692 4577 de
1745 4522 2335 4595 consanyuim'tace
2386 4528 2501 4580 etc.
2549 4552 2626 4566 —
2670 4521 2772 4581 Ius
2827 4521 3018 4581 civile
3074 4521 3150 4580 ad

689 4619 975 4691 ·3=1artum
998 4633 1232 4692 quoque
1263 4617 1521 4694 gradum
1551 4616 1837 4693 producit
1865 4617 2266 4677 interdictum
2289 4635 2500 4691 suum3
2528 4619 2631 4678 sed
2662 4618 2920 4695 gradum
2952 4619 3155 4697 ipsum
