3509 5317
1638 834 1991 912 CAPUT
2065 834 2163 911 II.

1021 1032 1118 1112 De
1161 1027 1692 1132 impedimentis
1733 1028 2258 1113 matrimonium
2301 1028 2800 1113 dirimentibus

1487 1176 1580 1236 ex
1639 1155 1922 1235 detentu
1981 1163 2311 1237 naturae.

1577 1368 2125 1440 ARTICULUS
2176 1368 2225 1437 Ι.

1162 1542 1248 1609 De
1296 1544 1709 1627 impedimento
1753 1544 1981 1611 aetatis
2028 1560 2141 1611 eeu
2191 1543 2634 1623 impubes-tetis.

821 1879 865 1939 1.
921 1873 1031 1943 Ad
1083 1872 1641 1942 matrimonium
1693 1871 1934 1942 valide
1966 1890 2055 1941 ao
2085 1871 2271 1941 licite
2314 1871 2932 1957 contrahendum,
2976 1872 3136 1942 iure

681 1991 984 2049 initurae
1016 1985 1302 2049 tantum
1338 1980 1690 2066 inspeetO,
1719 1977 1927 2047 nulia
1953 1978 2440 2049 determinata
2475 1983 2683 2049 aetas
2718 1980 3134 2067 requiritur,

677 2091 805 2155 stul
857 2107 942 2156 ea
992 2091 1106 2156 est
1137 2086 1518 2156 sufficiens
1566 2091 1793 2173 aetaS,
1844 2087 1915 2153 in
1967 2104 2119 2173 qua
2167 2084 2537 2173 perfectus
2584 2086 2799 2156 adest
2834 2086 3138 2155 rationis

681 2215 897 2271 usura
946 2213 1029 2279 ea
1084 2194 1452 2281 siquidem
1489 2192 1779 2277 sufficit,
1815 2198 1898 2261 ut
1928 2192 2380 2261 contrahens
2415 2212 2498 2261 se
2539 2192 2871 2280 obligare
2903 2194 3141 2279 possit

677 2303 765 2367 mi,
833 2300 1181 2387 vopulam
1246 2301 1487 2370 media
1538 2300 1859 2387 potentia
1909 2304 2148 2369 tractu
2211 2301 2570 2387 temporis
2629 2300 3056 2370 habendam
3094 2299 3137 2367 ¹.

685 2411 893 2475 [tutte
929 2408 1279 2493 sequitur,
1330 2404 1801 2476 matrimonia
1846 2408 2354 2494 impuberum,
2390 2409 2515 2495 qui
2560 2408 2862 2477 rationis
2909 2426 3135 2476 usum

681 2519 1018 2602 imtwunt,
1054 2515 1240 2584 inter
1286 2512 1644 2601 infideleS,
1678 2516 1803 2601 qui
1838 2514 2214 2583 Ecclesiae
2268 2514 2557 2603 legibus
2605 2534 2755 2583 non
2804 2513 3141 2583 subdun-

681 2631 809 2695 tur,
869 2621 1110 2690 valida
1156 2640 1344 2709 esse,
1379 2620 1515 2688 nisi
1553 2621 1852 2708 speciali
1884 2622 2088 2709 apud
2127 2640 2259 2690 eos
2296 2620 2457 2708 lege
2490 2620 3024 2689 interdicantur
3071 2627 3140 2689 et

685 2735 1047 2797 it*1·ii⁴·‘·11i.ur‘
1081 2726 1128 2796 ².

809 2843 869 2903 2..
921 2835 1028 2904 Ad
1081 2856 1387 2905 sacrum
1451 2843 1699 2906 autem
1763 2835 2156 2924 coniugale
2205 2833 2480 2906 foedus
2526 2829 2770 2932 valide
2816 2853 2906 2903 ac
2955 2835 3140 2904 licite

681 2947 857 3011 iuter
921 2940 1180 3012 fideles
1239 2943 1652 3012 ineundum
1703 2943 2112 3029 corporatis
2170 2942 2562 3030 requiritur
2610 2961 2698 3012 ao
2745 2942 3142 3029 spiritualis

685 3051 1091 3134 1··11;=t1=1¹ita5,
1148 3069 1344 3135 quae
1391 3050 1460 3117 in
1511 3059 1712 3119 certa
1778 3050 2028 3119 solum
2085 3057 2324 3119 aetate
2381 3050 2858 3137 supponitur,
2907 3066 3140 3136 quam

681 3157 994 3226 lim-tesia
1049 3157 1493 3226 determinat
1524 3153 1569 3223 ⁸.
1603 3195 1648 3204 —
1685 3159 1914 3226 Aetas
1964 3176 2192 3244 porro
2242 3156 2744 3225 ecclesiastico
2795 3156 2955 3224 iure
3002 3175 3138 3224 seu

677 3268 1094 3337 stu-undutn
1156 3286 1520 3353 canoneS‚
1574 3271 1651 3336 ut
1711 3273 1782 3336 et
1843 3267 2266 3336 seeundum
2320 3266 2560 3355 leges,
2610 3270 2724 3335 est
2785 3265 3142 3352 pubertas

677 3375 1062 3461 vampleta,
1097 3376 1451 3442 nimirum
1502 3375 1573 3441 in
1626 3376 1963 3443 masculo
2019 3373 2118 3460 14,
2171 3374 2241 3441 in
2294 3371 2572 3441 femina
2628 3375 2711 3440 12
2759 3390 3131 3442 annorum

677 3483 1217 3567 su‘uulssssetorum
1254 3478 1300 3548 ⁸.
1335 3519 1380 3528 —
1413 3482 1761 3550 Ruthena
1807 3480 2161 3567 Synodus
2210 3499 2411 3550 anno
2463 3482 2639 3549 1720
2682 3486 2751 3548 et
2785 3479 3140 3567 Synodus

685 3591 1114 3659 itit-mensis
1146 3589 1685 3658 Maronitarum
1720 3606 1922 3657 anno
1959 3588 2133 3655 1736
2186 3587 2601 3656 celebratae
2645 3587 2963 3657 eandem
2997 3592 3142 3656 sta-

681 3703 893 3763 tuunt
937 3702 1277 3778 aetatem.
1330 3732 1372 3743 —
1429 3696 1641 3764 Ratio
1690 3701 1940 3764 autem
1992 3681 2293 3763 diversa
2345 3712 2483 3781 pro
2537 3692 2830 3762 feminis
2878 3700 2949 3763 et
2996 3713 3148 3762 ma-

677 3807 905 3871 ÷a÷.·uii÷÷
949 3804 1207 3873 aetatis
1268 3803 1435 3871 inde
1504 3802 1785 3888 petitur,
1836 3801 2037 3888 quod
2087 3801 2415 3887 potentia
2473 3801 2880 3888 generandi
2930 3802 3145 3871 eitius

817 4057 825 4087 '-
877 4053 1149 4111 Sanehez
1197 4052 1303 4110 lib.
1360 4050 1420 4107 7.
1470 4050 1636 4124 disp.
1699 4030 1862 4107 104.
1902 4066 1971 4107 n.
2026 4047 2088 4107 9.
2138 4066 2285 4107 eum
2330 4048 2657 4107 communi.

813 4155 833 4187 ²²
881 4151 1154 4211 Sanehez
1202 4148 1355 4206 ibid.
1406 4166 1474 4205 n.
1538 4147 1645 4205 10.
1810 4142 1812 4145 ⁴

873 4235 1388 4326 Papp-Szilagyi:
1437 4245 1884 4303 Ene'ziridion
1921 4247 2091 4303 iuris
2136 4244 2477 4304 Ecclesiae
2522 4245 2882 4303 Orientalis
2934 4245 3151 4303 catho-

681 4351 869 4411 yffi-Hs,
901 4354 1067 4419 μανι.
1107 4344 1168 4403 2.
1205 4353 1350 4404 sect.
1390 4344 1453 4402 2.
1490 4363 1542 4402 e.
1581 4342 1644 4402 2.
1682 4343 1719 4417 ἓ
1756 4341 1867 4406 97.
1900 4361 2057 4419 pay.
2097 4341 2256 4401 421.
2298 4343 2446 4403 edit.
2499 4343 2586 4402 M.
2622 4343 2922 4404 Varadini
2970 4342 3142 4402 1862.

813 4451 829 4479 ⁴
877 4447 1021 4521 Gap.
1076 4445 1188 4501 nbi
1229 4462 1366 4500 non
1410 4450 1505 4501 est
1545 4441 1609 4512 2,
1652 4460 1783 4519 cap.
1830 4444 2108 4517 puberes
2159 4439 2221 4510 3,
2251 4460 2387 4519 cap.
2425 4443 2883 4500 continebatur
2914 4440 2977 4511 6,
3006 4460 3139 4520 cap.

677 4545 1112 4600 ..refutationes
1168 4541 1271 4606 10,
1315 4542 1393 4599 de
1436 4542 1941 4616 desponsatione
1988 4540 2412 4616 impuberum
2432 4560 2456 4608 ,·
2488 4571 2565 4584 —
2609 4541 2759 4617 Leg.
2809 4542 3149 4598 minorum

697 4643 741 4695 f.
793 4643 849 4695 ΗΞ,
905 4640 981 4696 sie
1026 4640 1161 4695 ritu
1208 4641 1604 4713 nuptiarum
1648 4639 1789 4717 (li'ae‘.
1840 4637 1954 4695 22.
2007 4639 2104 4696 tit.
2155 4635 2248 4713 2).
