3509 5317
1706 483 2064 543 —146—

657 617 791 669 eos
837 600 1296 686 contrahere,
1345 601 1695 688 quamvis
1742 601 1917 671 inito
1964 601 2308 688 coniugio
2342 619 2481 669 nec
2512 600 2934 687 parochurn
2983 618 3138 670 nec

654 710 882 777 testes
915 706 1402 793 adhibuerint,
1438 727 1536 778 ex
1567 708 2066 777 communiori
2099 707 2457 777 sententia
2494 725 2670 776 cum
2698 706 3044 776 Sanchez
3079 707 3136 792 ⁴,

655 814 917 884 Pontio
955 813 1001 901 ²,
1050 820 1301 885 tenent
1350 814 1833 885 Reiffenstuel
1878 812 1923 901 ⁸,
1986 815 2221 905 Engel
2254 813 2300 901 ⁸,
2347 816 2767 884 Leurenius
2801 811 2844 901 ⁵,
2894 819 3133 902 atque

655 922 878 992 etiam
924 919 1311 993 Barbosa⁶
1382 928 1453 993 et
1508 923 2183 1012 Schmalzgrueber
2217 922 2261 1008 ⁷,
2312 922 2440 1010 qui
2508 921 2733 991 etiam
2791 920 3135 990 rationes

653 1037 910 1101 contra
959 1031 1326 1101 eiusmodi
1373 1032 1816 1101 sententiam
1866 1029 2127 1100 allatas
2175 1031 2397 1117 plane
2441 1029 2755 1099 diluunt„
2809 1066 2856 1076 -
2902 1029 3130 1098 Ratio

652 1142 768 1205 est
810 1138 981 1224 quia
1011 1138 1377 1226 peregrini
1405 1156 1557 1206 non
1589 1137 2161 1226 adstringuntur
2190 1136 2474 1225 patriae
2501 1135 2792 1223 legibus
2814 1135 3131 1222 quando

652 1249 864 1313 extra
914 1262 1083 1314 eam
1111 1249 1500 1332 vagantur,
1527 1251 1599 1315 et
1630 1245 2067 1332 praaeertim
2102 1243 2349 1332 quoad
2398 1245 2843 1326 contractus,
2878 1242 3135 1311 cuius-

651 1348 853 1419 modi
904 1357 1019 1420 est
1063 1352 1645 1438 matrimonium,
1695 1371 1871 1421 cum
1921 1353 1991 1421 in
2046 1352 2247 1421 hisce
2292 1349 2779 1419 subiiciantur
2827 1348 3129 1438 legibus

649 1453 1051 1545 forumque
1119 1459 1523 1528 sortiantur
1588 1459 1951 1545 locorum,
2013 1460 2088 1527 in
2159 1457 2435 1546 quibus
2505 1461 2904 1526 versantur·
2953 1452 3002 1523 ⁸.
3077 1493 3127 1505 -

661 1565 960 1635 Contra.

789 1672 1109 1752 Quinto:
1157 1676 1231 1746 Si
1281 1675 1501 1745 iidem
1550 1675 1841 1744 incolae
1885 1674 1980 1744 ad
2033 1673 2282 1743 locum
2330 1692 2375 1743 a
2439 1671 2806 1743 tridentini
2854 1689 3116 1741 exem·

650 1786 862 1868 ptum
921 1783 1368 1873 obligatione
1436 1784 1710 1852 decreti
1781 1801 1867 1852 se
1914 1779 2309 1851 conferunt
2362 1779 2436 1849 in
2482 1778 2857 1869 fraudem
2903 1778 3114 1869 legis,

649 1888 923 1958 scilicet
969 1890 1367 1960 intentione
1413 1889 1963 1959 clandestinum
1994 1889 2483 1958 contrahendi
2521 1888 3115 1974 matrimonium,

647 1994 825 2082 quin
875 1997 1214 2066 animum
1281 1997 1607 2066 habeant
1669 1995 2105 2083 acquirendi
2166 1994 2438 2063 ibidem
2488 1994 2945 2064 domicilium
2994 1995 3122 2063 vel

646 2102 1367 2190 quasi-domicilium,
1417 2121 1683 2172 eorum
1732 2101 2217 2186 connubium,
2267 2119 2420 2169 non
2468 2119 2726 2171 coram
2776 2101 3116 2188 parocho

644 2227 735 2278 ac
779 2209 1094 2278 testibus
1156 2209 1636 2294 celebratum,
1695 2209 1988 2278 nullum
2052 2216 2166 2277 est
2212 2212 2437 2295 atque
2496 2206 2806 2276 irritum.
2879 2206 3118 2276 Dolus

645 2315 845 2383 enim
894 2320 965 2383 et
1008 2313 1220 2383 fraus
1266 2315 1545 2383 nemini
1593 2315 1867 2384 debent
1911 2314 2359 2402 patrocinari
2406 2310 2454 2380 ⁹.

781 2422 886 2489 18.
956 2421 1726 2492 Animadvertendum
1776 2422 2099 2510 denique
2145 2421 2348 2509 quod
2398 2421 2470 2488 in
2523 2419 2723 2505 lociS,
2773 2418 2898 2488 ubi
2950 2437 3117 2506 pro·

644 2527 1067 2616 mulgatum
1113 2530 1419 2616 quidem
1466 2535 1539 2599 et
1583 2535 1972 2617 receptum
2018 2527 2149 2598 fuit
2178 2527 2656 2598 tridentinum
2692 2526 3102 2614 decretum,

642 2640 718 2704 at
764 2636 1073 2722 parochi
1119 2655 1271 2705 non
1327 2637 1593 2724 adsint,
1658 2637 1776 2705 vel
1826 2635 2123 2725 expulsi
2172 2636 2331 2716 ‚sint
2376 2634 2473 2704 ab
2539 2634 2925 2704 haereticis
2972 2642 3111 2705 aut

643 2739 1085 2829 infidelibuS,
1140 2744 1254 2813 vel
1303 2742 1654 2832 quamvis
1700 2743 1967 2829 adsint,
2014 2743 2314 2831 penitus
2360 2741 2817 2829 ignorantur,
2853 2741 2971 2811 vel
3006 2747 3117 2812 tu-

642 2860 766 2917 tus
810 2867 960 2917 non
1011 2854 1210 2936 patet
1254 2851 1350 2919 ad
1399 2868 1533 2919 eos
1581 2867 1963 2935 accessuS,
2011 2848 2261 2918 valent
2306 2846 2899 2917 Christianorum
2954 2866 3114 2918 ma-

640 2955 1004 3040 trimonia,
1053 2975 1250 3043 quae
1295 2956 1569 3025 ibidem
1620 2955 2093 3025 celebrantur
2164 2954 2454 3041 absque
2516 2951 2826 3040 parochi
2895 2972 3112 3039 prae-

640 3061 899 3130 sentia.
947 3063 1222 3131 Forma
1270 3062 1471 3131 enim
1533 3082 1576 3133 a
1638 3060 2067 3130 Tridentino
2132 3058 2587 3147 praescripta
2635 3058 2921 3129 servari
2985 3078 3116 3129 ne-

782 3311 801 3348 ¹
843 3311 984 3370 Lib.
1038 3310 1100 3371 3.
1147 3313 1318 3388 disp.
1374 3313 1483 3373 18.
1532 3333 1602 3372 n.
1652 3312 1770 3373 28.

771 3408 797 3445 2
839 3408 933 3467 De
977 3412 1272 3471 matrim.
1324 3412 1432 3471 lib.
1483 3411 1547 3471 6.
1596 3430 1650 3470 e.
1704 3409 1768 3470 9.
1815 3429 1888 3470 n.
1934 3409 2000 3469 2.

772 3506 795 3544 ⁸
837 3507 980 3568 Lib.
1027 3505 1094 3568 4.
1142 3511 1240 3568 tit.
1293 3509 1356 3568 3.
1396 3527 1465 3569 n.
1522 3508 1679 3569 123.

774 3607 800 3644 ⁴
839 3607 981 3666 Lib.
1030 3604 1095 3667 4.
1144 3611 1239 3668 tit.
1292 3607 1354 3663 3.
1402 3627 1473 3666 η.
1522 3608 1637 3667 20.
1682 3625 1865 3668 conc.
1917 3609 1980 3668 3.

770 3704 793 3739 ⁵
833 3705 978 3764 Lib.
1025 3703 1091 3765 4.
1141 3708 1235 3764 tit.
1289 3704 1350 3765 3.
1400 3714 1649 3782 quaest.
1704 3705 1858 3764 145.
1908 3725 1979 3764 n.
2031 3705 2095 3766 3.

767 3803 793 3841 ⁶
835 3805 927 3863 De
968 3805 1125 3878 offic.
1174 3812 1238 3863 et
1273 3812 1400 3880 pot.
1449 3803 1670 3880 Episc.
1712 3813 1891 3881 part.
1939 3804 2003 3866 2.
2054 3806 2250 3882 alley.
2303 3804 2411 3864 32.
2461 3823 2529 3863 n.
2573 3803 2728 3863 153.

768 3898 792 3936 τ
833 3900 973 3959 Lib.
1021 3900 1089 3960 4.
1137 3903 1233 3959 tec.
1286 3901 1349 3962 3.
1397 3920 1467 3961 n.
1520 3903 1677 3962 110.
2139 3885 2143 3890 ’

766 3997 791 4035 ⁸
837 3997 984 4076 Gap.
1030 4002 1151 4076 fin.
1201 4000 1279 4058 de
1341 4002 1480 4074 foro
1543 4009 1812 4076 compet.
1880 4005 1945 4061 et
2004 4002 2128 4078 leg.
2177 4003 2237 4058 si
2299 4000 2558 4075 fundus
2613 3999 2679 4059 6.
2724 4000 2798 4075 ff.
2846 3998 2925 4056 de
2968 4000 3113 4056 em*-

634 4097 985 4157 etitnz'buS.

766 4196 791 4232 ⁹
833 4196 963 4256 Cfr.
1011 4213 1188 4255 casus
1231 4198 1308 4255 ab
1351 4198 1643 4276 Archiep.
1693 4198 2043 4259 Coloniensi
2091 4198 2434 4275 propositos
2490 4202 2554 4257 et
2606 4198 2670 4257 S.
2728 4199 2798 4257 G.
2848 4214 3110 4274 respon-

630 4311 765 4353 sum
821 4310 892 4350 ac
934 4292 1171 4351 Urbani
1214 4293 1366 4354 VIII
1408 4295 1720 4356 decretum
1784 4297 1939 4374 apud
1985 4297 2299 4356 Benedict.
2349 4296 2499 4355 XIV
2543 4296 2604 4354 in
2670 4295 2800 4355 litt.
2850 4293 2925 4352 ad
2970 4294 3108 4352 An-

629 4391 864 4452 tonium
909 4391 1201 4468 Archiep.
1250 4393 1548 4465 Goanum,
1583 4412 1737 4470 quae
1780 4395 1965 4472 incip.
1992 4396 2255 4458 Paucis
2286 4395 2366 4452 ab
2397 4395 2555 4452 hinc
2585 4392 3102 4451 hebdomadibus

628 4491 730 4550 hic
773 4492 837 4550 in
867 4489 1169 4564 Append.
1205 4489 1269 4549 4.
1315 4524 1357 4534 -
1398 4492 1516 4551 Vel
1560 4491 1726 4551 Inst.
1767 4492 1875 4550 33.
1924 4513 1993 4552 n.
2035 4491 2095 4552 9.
2142 4526 2184 4536 —
2217 4491 2335 4553 Vel
2379 4492 2472 4550 De
2516 4492 2776 4567 Synodo
2824 4490 2934 4548 lib.
2980 4488 3096 4550 13.

580 4628 584 4632 -
629 4606 682 4649 c.
721 4590 786 4649 4.
836 4608 906 4649 n.
949 4587 1054 4645 10.
