3509 5317
711 528 869 588 ..31-

660 842 836 926 CAPUT
850 844 923 922 ΙΙΙ.

415 990 421 999 ι
476 1043 525 1124 lle
556 1039 822 1144 impedimentis
850 1039 1141 1124 matrimonium
1347 1157 1351 1162 ι

237 1164 490 1249 dirimentibus
509 1187 554 1248 ex
574 1163 780 1248 reuerentia
800 1163 894 1247 inter
914 1163 1131 1269 pmpmpum
1150 1164 1344 1247 eeruundu.

631 1360 906 1432 ARTICULUS
930 1360 955 1429 Ι.

301 1500 345 1569 tte
361 1501 568 1584 impedimento
585 1501 777 1607 nepnutinnis
794 1461 1143 1583 nuturutlesspiritunlis,
1160 1498 1282 1584 tepetis.

392 1763 396 1768 Α
503 1674 541 1762 a)
566 1676 624 1746 De
646 1672 875 1766 cognationis
900 1672 1087 1744 nntuuroiie

268 1809 272 1814 ·
435 1803 501 1855 nem
524 1781 857 1875 consanguinitatis
881 1780 1153 1872 dnpedimento.

246 2019 280 2085 1.
304 2016 480 2105 Cognatio
505 2015 687 2086 naturalis
715 2034 784 2086 seu
819 2017 1126 2105 consanguinitas
1163 2015 1413 2086 communiter

173 2123 356 2195 definitur
378 2142 429 2193 ex
452 2125 493 2192 D.
517 2123 684 2193 Thoma:
718 2124 912 2193 vinculum
936 2141 1004 2194 seu
1041 2123 1252 2193 coniunctio
1289 2140 1412 2210 perso·

167 2217 318 2301 'narum
343 2229 391 2299 ab
415 2229 550 2299 eodem
573 2229 694 2316 stipite
717 2229 892 2316 proximo
915 2248 984 2316 per
1007 2229 1198 2301 carnalem
1233 2246 1412 2317 propaga-

177 2338 321 2408 tionem
357 2335 665 2406 descendentium
698 2333 720 2403 ².
753 2374 776 2388 -
807 2336 902 2405 Hinc
938 2347 978 2407 ut
1012 2337 1175 2425 legitimo
1210 2355 1261 2407 ex
1294 2334 1415 2406 matri·

179 2445 309 2516 monio
334 2445 418 2531 nati,
443 2445 489 2514 ita
514 2444 625 2515 etiarn
650 2443 826 2533 illegitimi
849 2448 885 2513 et
918 2444 1035 2530 spurii
1073 2445 1228 2515 veniunt
1261 2441 1413 2512 nomine

180 2552 563 2641 consanguineorum,
588 2552 673 2641 quia
698 2552 779 2621 iure
794 2549 953 2621 naturali
970 2552 1137 2639 inspecto
1154 2571 1205 2622 ex
1221 2551 1414 2621 communi

180 2660 367 2747 sanguine
392 2659 626 2730 descendunt
636 2680 645 2747 3
670 2662 783 2746 atque
806 2657 890 2726 ideo
908 2659 971 2728 ubi
987 2659 1108 2748 agitur
1126 2659 1172 2728 de
1189 2657 1414 2729 matrimonii

182 2767 450 2856 impedimento
473 2768 534 2837 vel
558 2767 845 2855 dispensatione,
862 2765 1009 2835 nullum
1025 2764 1239 2838 iaciendum
1251 2770 1308 2836 est
1321 2765 1416 2835 inter

153 2937 160 2946 .
182 2895 251 2947 eos
275 2875 473 2945 discrimen
491 2872 514 2943 ².
533 2913 556 2926 -
572 2877 729 2964 insuper
753 2875 1060 2946 ecclesiasiastico
1075 2875 1208 2945 saltem
1231 2874 1312 2944 iure
1333 2891 1417 2943 oon-

183 2983 418 3072 sanguinitas
447 2981 717 3072 significatione
747 2982 926 3069 accipitur
957 2980 1040 3068 late,
1069 2986 1106 3050 et
1135 2979 1418 3069 comprehendit

183 3109 260 3160 non
286 3094 429 3160 tantum
453 3109 520 3160 eos
544 3097 580 3161 et
603 3109 677 3179 eas,
702 3090 766 3178 qui
790 3109 839 3159 ex
863 3095 968 3177 parte
991 3089 1106 3176 patris
1130 3094 1166 3159 et
1189 3109 1257 3177 per
1280 3089 1415 3160 lineam

183 3197 436 3267 masculinam
458 3197 643 3267 coniuncti
666 3202 764 3282 sunt,
782 3201 817 3268 et
831 3192 984 3286 caperent
998 3195 1254 3282 appellantur-3
1271 3196 1337 3266 sed
1351 3213 1418 3264 eos

186 3304 297 3374 etiam
322 3304 384 3391 qui
408 3323 459 3374 ex
481 3313 586 3392 parte
611 3309 752 3375 tantum
779 3304 909 3374 matris
932 3322 1001 3372 seu
1026 3303 1252 3391 pertineam
1289 3308 1421 3372 mater·

184 3428 278 3482 nam
299 3411 485 3481 coniuncti
506 3416 604 3497 sunt
630 3417 666 3480 et
687 3410 837 3501 cognati
859 3411 1032 3481 dicuntur
1057 3409 1080 3476 ⁸.
1271 3482 1274 3488 ,

252 3520 285 3587 2.
310 3517 351 3585 ln
375 3518 696 3607 consanguinitate
719 3518 786 3588 tria
810 3529 899 3588 sunt
910 3516 1189 3606 distinguenda,
1203 3517 1343 3588 scilicet
1357 3515 1419 3586 sti·

182 3642 267 3715 pen,
292 3622 454 3714 prades,
481 3623 591 3707 linea,
616 3626 819 3714 exquibus
835 3624 953 3696 arbor
972 3625 1305 3714 consanguinitatis
1321 3642 1422 3693 com·

186 3732 350 3821 ponitur.

256 3835 379 3928 Stipes
403 3847 460 3910 est
482 3857 655 3927 persona,
680 3859 702 3910 a
725 3859 801 3928 qua
831 3839 929 3910 aliae
958 3857 1153 3927 personae,
1179 3838 1227 3909 de
1257 3857 1420 3926 quarum

188 3945 462 4034 propinquitate
486 3946 686 4033 quaeritur,
712 3946 947 4017 descendunt
970 3965 1039 4016 seu
1062 3946 1243 4035 originem
1268 3946 1420 4015 ducunt.

259 4050 414 4121 Gradus
436 4056 493 4121 est
515 4052 684 4124 distantia
710 4053 822 4123 unlus
846 4070 1033 4141 personae
1056 4053 1105 4122 ab
1128 4051 1244 4122 altera
1267 4053 1304 4119 in
1322 4050 1422 4122 linea

190 4158 534 4248 consanguinitatis.

259 4350 270 4389 ¹
296 4350 336 4410 V.
356 4335 499 4426 ‚Sanehm
528 4349 582 4409 lib.
615 4349 646 4408 7.
678 4349 763 4426 disp.
788 4348 844 4406 50.
875 4366 911 4409 m.
939 4347 969 4407 1.
999 4347 1101 4410 citone
1129 4349 1167 4410 D.
1196 4348 1358 4409 Thomem.
1386 4377 1424 4392 -

194 4448 275 4510 Idem
297 4448 435 4525 Pirhing
457 4448 510 4507 lib.
533 4447 566 4505 4.
592 4449 640 4505 tit.
669 4445 722 4505 14.
748 4465 782 4507 m.
810 4446 839 4505 1.
1307 4430 1309 4432 ’

259 4544 381 4607 ’Pirn
405 4544 558 4607 Oorredue
579 4544 704 4603 P'ramu'r
727 4543 907 4620 dispensat.
934 4544 989 4603 lid.
1015 4543 1046 4602 7.
1071 4562 1098 4604 e.
1127 4544 1156 4603 1.
1181 4562 1216 4603 m.
1241 4542 1273 4603 6.

258 4643 273 4683 ⁸
294 4644 431 4721 Pirhing
453 4644 474 4704 l.
492 4662 520 4703 c.
536 4661 571 4703 m.
590 4641 680 4712 2,·.-
699 4643 831 4703 Leuren.
851 4642 905 4701 lib.
923 4643 957 4703 4.
974 4644 1023 4701 rit.
1043 4640 1099 4704 14.
1116 4649 1241 4719 quaest.
1260 4639 1341 4699 220.
