3509 5317
718 505 874 566 ..11-

59 730 63 736 ,
179 648 352 737 gestiunt,
367 645 434 716 sed
450 645 754 735 nonsormaliter
766 643 965 714 celebrant.
979 640 1113 711 Contra
1128 658 1292 727 namque
1310 639 1409 709 valet

178 754 407 842 coniugium,
431 753 533 842 quod
557 753 593 821 in
627 753 757 824 lucidis
788 748 990 820 intervallis
1022 750 1151 817 initum
1182 745 1298 817 fuisse
1328 765 1413 817 con·

180 862 311 930 stiterit
336 859 358 927 ¹.

248 968 340 1037 Fieri
366 972 492 1037 autern
517 987 641 1055 posse,
667 973 707 1036 ut
729 985 845 1036 sanae
870 964 1004 1034 mentis
1028 982 1190 1051 persona
1215 963 1409 1033 contrahat
1507 959 1514 974 '

179 1074 282 1142 bona
312 1072 388 1144 fide
411 1093 499 1144 cum
522 1074 637 1145 altera
663 1080 786 1143 mente
810 1077 937 1159 capta,
963 1073 1010 1140 ita
1043 1071 1205 1157 explicat
1227 1070 1359 1141 Glussa
1388 1068 1411 1156 ²,

178 1182 494 1269 animadvertam,
512 1185 613 1271 quod
641 1201 783 1270 «saepe
799 1180 929 1250 furiosi
947 1180 1056 1266 (adde
1073 1185 1108 1249 et
1125 1179 1307 1264 amentes)
1324 1186 1414 1251 sunt

179 1289 366 1359 constituti
390 1291 425 1359 in
451 1296 655 1378 conspectu
680 1291 873 1360 umbratae
898 1288 1048 1376 quietis;
1073 1306 1143 1356 nec
1167 1291 1292 1357 tamen
1325 1293 1414 1356 sunt

179 1416 297 1467 sanae
322 1399 465 1485 mentia,
490 1399 572 1468 licet
595 1398 808 1484 videantur3
832 1401 869 1466 et
893 1397 923 1464 si
947 1395 1014 1465 ista
1040 1395 1175 1464 mulier
1198 1394 1257 1478 (de
1281 1414 1358 1484 qna
1374 1393 1412 1462 in

179 1501 239 1571 eit.
263 1503 361 1591 cap.)
386 1522 473 1573 cum
498 1504 558 1573 tali
583 1504 777 1590 contraxit,
804 1522 879 1572 non
903 1508 1003 1572 tenet
1027 1501 1356 1571 matrimonium».

248 1610 376 1698 ltaque
400 1618 525 1681 mente
547 1620 689 1700 captus,
707 1612 770 1699 qui
787 1612 939 1681 rationis
956 1629 1028 1678 usu
1045 1610 1197 1678 omnino
1214 1608 1411 1679 destitutus

178 1717 236 1804 sit,
260 1719 525 1806 aequiparatur
547 1718 705 1804 furioso;
730 1725 787 1789 est
802 1720 913 1804 enim,
930 1719 980 1788 ait
994 1719 1163 1788 Sanclrez
1189 1738 1207 1780 ‹
1224 1735 1346 1806 genus
1362 1715 1410 1786 ad

178 1826 378 1913 patientem
404 1846 560 1904 saevam
585 1832 622 1896 et
643 1830 807 1915 quietam
834 1828 971 1897 mentis
992 1826 1284 1895 alienationem»
1318 1824 1414 1894 ideo·

179 1953 264 2022 que,
289 1935 455 2023 quandiu
480 1934 552 2004 hoc
576 1928 710 2005 morbo
735 1932 901 2018 afficitur,
927 1932 1207 2003 matrimonium
1224 1932 1325 2002 haud
1351 1929 1412 2000 v'a·

180 2042 252 2111 lide
275 2042 466 2112 contrahit.
491 2079 510 2090 —
536 2045 583 2111 At
606 2060 696 2111 vero
720 2041 750 2109 si
774 2041 836 2129 qui
863 2048 987 2110 mente
1011 2045 1141 2126 captus
1173 2040 1304 2108 dicitur
1336 2057 1411 2108 non

179 2156 282 2219 caret
304 2150 458 2218 omnino
482 2149 676 2236 intellectu,
701 2154 736 2219 et
760 2148 884 2236 potius
908 2149 954 2217 sil
977 2147 1136 2232 caudex,
1161 2144 1220 2214 vel
1243 2145 1411 2231 stolidae,

181 2256 308 2340 nabes,
333 2274 461 2328 crassa
479 2258 657 2342 minerva,
671 2257 703 2325 is
718 2262 755 2325 et
770 2242 961 2342 sponsalia
973 2251 1011 2323 et
1021 2253 1301 2323 matrimonium
1319 2251 1411 2319 inire

180 2368 312 2449 potest
329 2365 415 2450 quia
433 2364 735 2434 deliberationem
753 2363 1002 2433 sufficientem
1012 2361 1123 2431 habet
1137 2362 1186 2430 ad
1200 2359 1414 2447 delinquen·

180 2479 271 2548 dum
298 2478 476 2550 lethaliter
499 2478 523 2547 ³.

247 2588 279 2654 3.
306 2586 399 2668 Quid
425 2596 550 2658 autem
574 2588 775 2656 dicendum
800 2586 847 2656 de
872 2585 1107 2655 matrimonio
1131 2568 1227 2652 mati
1249 2581 1360 2652 simul
1376 2585 1412 2651 et

179 2692 289 2764 erardi
312 2715 338 2764 a
360 2694 580 2765 nativitate?
594 2730 616 2745 -
632 2695 724 2765 Cum
750 2694 933 2776 eiusmodi
961 2679 1133 2762 homines
1151 2677 1315 2782 ‘destituti
1340 2690 1413 2758 sint

180 2802 250 2872 illis
273 2803 459 2891 sensibuS,
484 2804 623 2892 quibus
646 2809 820 2874 naturam
845 2806 881 2870 et
896 2801 972 2870 vim
989 2805 1203 2870 contractus
1224 2798 1412 2867 matrimo-

180 2913 230 2980 nii
253 2912 401 2982 edoceri
426 2911 582 2998 valeant,
609 2916 649 2980 ut
671 2912 846 2998 importat
868 2911 928 2978 ius
952 2910 988 2978 in
1012 2909 1165 2979 alterius
1188 2925 1338 2993 corpus,
1364 2905 1412 2973 vi·

181 3019 318 3089 dentur
347 3037 422 3087 non
447 3036 560 3106 posse
592 3018 872 3089 matrimonium
903 3016 1182 3087 contrahere·
1213 3013 1261 3083 At
1284 3014 1411 3083 verius

180 3127 369 3196 existimat
392 3126 560 3196 Sanchez
584 3144 697 3213 posse
722 3131 869 3194 muium
902 3124 1014 3193 simul
1039 3129 1075 3194 et
1106 3123 1277 3206 surdum,
1303 3121 1334 3189 si
1358 3121 1410 3189 in-

91 3280 94 3283 ·
179 3233 369 3305 tellectum
394 3235 650 3322 perspicacem
675 3235 820 3321 habeat,
845 3234 891 3303 ita
917 3238 957 3301 ut
979 3231 1096 3320 signis
1119 3229 1267 3301 edoceri
1292 3230 1415 3315 possit,

180 3341 272 3429 quid
288 3342 335 3411 ait
349 3342 639 3429 matrimonium,
664 3347 700 3411 et
715 3342 833 3431 signis
848 3340 1012 3409 indicare
1028 3355 1270 3423 eonsensum,
1289 3335 1410 3405 valide

181 3447 402 3518 contrahere
424 3448 614 3535 sponsalia
645 3453 681 3518 et
708 3448 1003 3520 matrimonium.
1035 3448 1156 3528 Quam
1189 3445 1411 3515 sententiam

180 3557 316 3643 probat
335 3553 463 3646 primo
486 3576 536 3626 ex
559 3576 640 3645 cap.
667 3557 757 3626 Cam
781 3555 887 3645 apad
909 3557 956 3625 23
980 3552 1024 3623 de
1047 3572 1171 3643 spons.
1186 3557 1221 3623 et
1245 3550 1411 3621 matrim.

181 3662 418 3732 ubidicitur:
448 3662 673 3733 Consciaisti
696 3682 777 3749 noa,
816 3683 867 3732 an
898 3665 1026 3732 mutas
1056 3666 1092 3730 et
1121 3658 1263 3729 sardas
1290 3656 1413 3748 possit

181 3768 296 3840 aliem
316 3770 645 3841 matrimonialiter
667 3770 860 3860 caputiari:
881 3771 1072 3858 respondit
1086 3768 1275 3839 Pontifex:
1312 3767 1412 3837 Vide·

182 3881 246 3945 tar
270 3876 304 3946 si
326 3876 410 3947 tatia
435 3877 522 3949 uelit
544 3881 778 3965 contrahere,
802 3897 879 3966 non
903 3875 1009 3947 debet
1025 3876 1094 3946 sibi
1110 3875 1298 3966 denepari.
1314 3914 1335 3925 -
1353 3875 1413 3944 Se·

180 3981 317 4070 cunda,
344 3986 434 4072 quia
456 3985 567 4073 aliqui
591 3986 684 4054 muti
697 3986 744 4055 ita
762 3996 851 4054 eunt
862 3984 1090 4073 perspicacis
1103 3988 1138 4053 et
1149 3984 1245 4052 acuti
1264 3982 1409 4071 ingenii,

182 4096 222 4159 ut
254 4089 367 4160 multa
406 4091 591 4180 explicatu
622 4091 847 4179 difficillima,
882 4092 985 4162 facile
1015 4093 1131 4181 signis
1166 4090 1409 4178 manifestent,

181 4198 328 4286 aliaque
350 4199 442 4286 ipsis
465 4197 669 4287 significata
694 4199 906 4287 intelligant,
932 4204 971 4269 ut
998 4200 1224 4286 experientia
1258 4200 1340 4287 ipsa
1365 4205 1411 4268 te·

251 4433 261 4471 ¹
284 4434 357 4512 Gap.
380 4433 520 4493 dilectus
542 4433 599 4505 24,
620 4435 659 4493 de
681 4434 890 4511 sponsalibus
913 4442 944 4493 et
964 4435 1191 4492 matrimonia·

248 4530 393 4591 21ncit.
418 4551 490 4608 cap.
515 4531 572 4592 24.

250 4629 262 4667 ⁸
285 4629 350 4691 cfr.
376 4630 531 4691 Sanchcz:
555 4631 596 4691 de
617 4635 762 4690 matrim.
789 4631 844 4692 tib.
873 4631 900 4689 l.
925 4631 1010 4706 disp.
1035 4631 1067 4690 8.
1091 4649 1152 4690 aa.
1181 4629 1300 4686 15-16.
