3509 5317
706 528 887 591 ...449-

188 667 365 754 validitas,
390 666 577 755 quaedam
601 667 711 738 etiarn
735 667 919 754 speciales
943 686 1033 754 prae
1067 668 1186 738 oculis
1220 666 1415 739 habendae

186 781 275 847 suut
298 775 398 845 iuxta
424 775 650 863 peculiarem
674 775 1036 863 impedimentorum
1052 785 1225 846 naturam
1250 782 1288 845 et
1318 775 1417 845 indo·

189 884 261 953 lem
285 902 383 970 quae
406 882 541 953 iudicio
565 883 801 954 occasionem
825 883 1090 971 praebuerunt.
1122 884 1249 964 ‚Quare
1284 881 1335 952 de
1360 882 1417 952 his

188 989 353 1077 singulis,
377 989 511 1060 saltem
535 1009 632 1078 quae
656 988 886 1078 frequentius
910 1008 1109 1060 occurrere
1131 990 1261 1077 solent,
1292 991 1415 1080 aliqua

188 1098 379 1186 speciatim
404 1097 735 1169 animadvertenda
760 1104 857 1168 sunt

602 1350 606 1361 ·
640 1311 914 1383 ARTICULUS
938 1312 963 1379 l.

476 1467 520 1535 lle
543 1467 761 1553 inpedimentis
782 1468 975 1553 captationis
997 1456 1145 1536 carnalis

554 1566 600 1635 val
622 1566 799 1651 spiritualis,
821 1570 854 1633 et
875 1565 1052 1634 sllicitatis.

255 1729 277 1809 5
298 1728 354 1794 31.
379 1725 415 1796 Si
441 1726 722 1794 matrimonium
746 1725 988 1811 impugnetur
1011 1725 1276 1794 edessenum
1310 1724 1423 1810 impe·

190 1832 397 1902 dimentum
421 1833 652 1921 cognationis
667 1832 829 1902 carnalis
845 1837 909 1901 aut
924 1831 1134 1919 spiritualis,
1152 1832 1210 1903 vel
1223 1831 1422 1917 affinitatis,

190 1938 296 2010 facile
319 1942 386 2010 erit
408 1940 576 2010 eiusdem
595 1939 829 2010 existentiam
847 1939 1020 2028 detegere
1036 1957 1108 2027 ope
1119 1940 1420 2011 authenticorum

192 2047 516 2117 documentorum.
539 2049 684 2117 Etenim
707 2048 878 2131 cognatio
903 2047 1073 2133 carnalis,
1098 2054 1134 2116 et
1164 2047 1275 2117 etiam
1308 2046 1423 2117 affini·

192 2159 259 2240 tas,
283 2174 381 2243 quae
409 2175 458 2225 ex
488 2155 724 2244 praecedenti
755 2155 992 2225 matrimonio
1025 2155 1265 2243 processerit,
1298 2154 1424 2243 digno·

191 2270 348 2331 suuntur
370 2280 420 2331 ex
443 2263 578 2333 arbore
607 2261 845 2352 genealogica
879 2264 1073 2350 utriusque
1103 2261 1281 2350 familiae,
1311 2261 1424 2333 confl-

191 2368 319 2438 clenda
346 2387 395 2438 ex
419 2371 575 2459 regestis
598 2370 932 2456 matrimoniorum,
956 2377 1064 2439 etex
1099 2370 1199 2438 libris
1230 2371 1339 2441 etiam
1363 2371 1425 2439 ha·
1505 2448 1507 2455 ¹

192 2477 423 2563 ptimtorum,
440 2478 477 2546 in
494 2478 631 2566 quihus
647 2483 771 2547 notata
789 2495 874 2548 esse
889 2478 1027 2548 dehent
1042 2478 1192 2547 nomina
1215 2497 1290 2547 non
1308 2478 1421 2546 modo

192 2584 406 2673 coniugum,
432 2592 622 2655 eteorum
648 2586 711 2673 qui
735 2585 904 2673 baptizati
929 2590 1025 2672 sunt,
1049 2586 1115 2655 sed
1142 2587 1279 2654 horum
1312 2584 1421 2654 etiam

193 2696 403 2778 parentum.
428 2692 599 2762 Similiter
623 2711 672 2760 ex
696 2692 797 2761 libris
821 2693 1093 2779 baptizatorum
1124 2698 1160 2763 et
1190 2690 1425 2763 confirmato·

194 2817 280 2866 rum
304 2806 430 2887 aperte
454 2801 595 2871 eruitur
618 2801 789 2888 cognatio
814 2802 1032 2888 spiritualis,
1063 2802 1148 2889 quia
1182 2802 1216 2869 in
1249 2800 1318 2871 illis
1350 2819 1424 2870 una

194 2925 281 2976 cum
306 2926 438 2978 eorum
462 2909 526 2997 qui
550 2909 719 2997 baptizati
745 2910 804 2980 vel
827 2907 1037 2979 confirmati
1065 2907 1235 2996 luerunt,
1271 2906 1424 2979 nomina

194 3036 346 3104 quoque
369 3018 548 3088 recensita
575 3036 661 3088 esse
685 3019 822 3088 debent
843 3019 923 3090 sive
948 3018 1178 3107 patrinorum
1202 3018 1281 3088 sive
1305 3018 1426 3088 matri-

196 3142 342 3192 narum.
381 3124 481 3194 Talia
519 3126 743 3196 documenta
776 3127 810 3194 in
842 3124 963 3196 forma
992 3126 1202 3196 authentica
1238 3144 1287 3194 ex
1321 3124 1427 3193 dictis

197 3229 298 3299 libris
322 3237 431 3301 erunt
455 3233 659 3303 haurienda
684 3253 799 3321 opera
824 3234 1077 3320 parochorum
1104 3233 1163 3301 vel
1185 3234 1326 3318 curiae,
1351 3251 1426 3323 una

196 3356 285 3408 cum
309 3340 519 3410 testimonio
543 3342 590 3412 de
620 3359 751 3409 eorum
778 3341 961 3410 identitate
996 3360 1083 3410 cum
1109 3341 1325 3428 respectivis
1348 3359 1429 3428 par·

198 3445 317 3515 ticulis
340 3448 376 3515 in
401 3447 502 3517 libris
518 3449 745 3535 extantibus;
771 3449 846 3516 imo
874 3449 905 3516 si
933 3468 953 3518 a
983 3448 1149 3536 parocho
1174 3447 1427 3517 testimonium

198 3553 327 3623 datum
351 3554 470 3640 luerit,
494 3575 592 3645 opus
626 3557 694 3626 erit
719 3562 757 3626 ut
792 3556 961 3626 eiusdem
994 3555 1147 3643 parochi
1176 3554 1381 3643 obsignatio
1406 3575 1427 3624 a

199 3662 299 3730 curia
326 3663 534 3750 Episcopali
559 3664 767 3735 authentica
793 3663 1014 3734 declaretur.

264 3770 286 3852 ἓ
308 3771 362 3838 32.
387 3770 495 3852 Quod
519 3771 551 3840 si
575 3771 726 3860 aliquod
750 3771 891 3841 oriatur
914 3771 1072 3841 dubium
1089 3770 1186 3839 circa
1202 3768 1428 3840 documenta

198 3877 383 3962 praedicta
410 3877 468 3946 vel
493 3879 589 3949 circa
615 3866 976 3964 eorum'veritatem
1002 3878 1038 3945 in
1062 3877 1239 3946 iudicium
1272 3876 1428 3946 vocandi

198 3991 308 4053 erunt
331 3991 366 4053 et
389 3985 541 4055 iuridice
564 3987 805 4056 examinandi
828 3985 1107 4075 consanguinei,
1124 3984 1267 4063 afflues,
1285 3983 1431 4075 propin-

200 4091 273 4178 qui,
297 4092 434 4179 quibus
458 4095 562 4181 origo
587 4113 718 4163 eorum
744 4094 792 4164 de
808 4093 948 4181 quibus
963 4094 1084 4182 agitur
1100 4102 1186 4161 nota
1204 4092 1251 4161 sit
1266 4100 1428 4167 autnota

199 4217 284 4268 esse
309 4200 435 4286 possit,
460 4207 501 4271 ut
523 4222 574 4270 ex
589 4203 725 4272 horum
744 4201 1038 4289 depositionibus
1054 4201 1196 4290 gradus
1212 4199 1431 4286 consangui-

200 4306 321 4375 nitatis
345 4306 404 4375 vel
428 4307 614 4379 affinitatis
641 4309 780 4379 elarius
805 4310 926 4379 valeat
956 4308 1204 4384 determinari.
1241 4309 1323 4376 Non
1360 4307 1430 4377 levi

201 4410 444 4485 fundamento
469 4417 554 4485 huic
578 4418 627 4487 rei
655 4436 741 4487 esse
767 4422 887 4504 potest
915 4416 1025 4486 etiam
1057 4415 1201 4502 publica
1235 4410 1352 4501 fama,
1379 4415 1431 4484 de

200 4540 274 4608 qua
301 4522 392 4592 ratio
416 4523 485 4592 erit
507 4524 697 4611 habenda,
722 4523 804 4593 eius
829 4530 953 4593 tamen
991 4523 1123 4593 sedulo
1157 4521 1430 4593 consideranda

201 4628 268 4697 erit
291 4631 395 4716 origo
419 4639 455 4699 et
470 4631 632 4700 rationes
648 4630 786 4718 quihus
806 4630 977 4699 innititur.
994 4629 1189 4699 Caeterum
1206 4629 1321 4700 iudex
1336 4648 1433 4721 sem·

280 4752 433 4796 Manatum.
449 4754 484 4795 De
499 4753 712 4805 lmpedlmentls.
1351 4753 1379 4796 29
