3509 5317
872 455 992 516 -274
1013 487 1052 501 -

349 591 511 661 vidimus
534 591 744 678 parochum
768 588 922 680 oriqim’s
946 609 1022 660 non
1046 610 1131 661 esse
1154 590 1351 679 proprium
1366 591 1575 678 parochum

347 701 396 771 ad
421 698 541 769 valide
565 699 800 769 matrimonio
824 697 1077 769 assistendum
1103 698 1292 785 (superius
1315 715 1350 764 n.
1366 698 1436 782 26).

412 808 460 877 2⁰.
486 809 696 895 Utrumque
719 807 1000 877 contrahentem
1027 808 1099 876 iam
1124 806 1173 877 ab
1196 806 1337 894 aliquot
1358 805 1469 877 annis
1491 810 1577 875 ante

349 915 649 1001 matrimonium,
675 933 807 984 verum
832 932 877 983 ac
901 913 1032 983 stabile
1067 912 1295 983 domicilium
1331 912 1511 982 habuisse
1540 913 1576 980 in

346 1022 491 1092 civitate
512 1024 555 1091 N.
580 1025 747 1108 tantum;
771 1027 808 1090 et
831 1021 1056 1091 matrimonii
1081 1030 1250 1107 tempore
1274 1020 1311 1088 in
1342 1021 1521 1107 parochia
1555 1041 1577 1091 a

347 1148 376 1199 s.
393 1132 593 1200 Laurentio
616 1133 842 1217 nuncupata.
869 1130 990 1199 Huius
1014 1129 1123 1218 igitur
1153 1127 1353 1216 parochiae
1384 1133 1467 1197 erat
1495 1146 1579 1211 pro

344 1236 453 1325 prius
476 1236 775 1307 contrahentium
798 1238 999 1325 parochus
1024 1245 1062 1308 et
1084 1255 1215 1308 coram
1229 1256 1275 1306 eo
1291 1238 1499 1323 dumtaxat,
1518 1238 1576 1307 vel

347 1363 396 1413 ex
419 1344 501 1415 eius
523 1353 589 1414 aut
620 1344 800 1414 Ordinarii
836 1344 1067 1432 delegatione
1103 1362 1234 1414 coram
1268 1343 1341 1412 alio
1370 1344 1578 1429 sacerdote,

348 1450 644 1536 poterantTitius
656 1458 692 1520 et
703 1451 791 1520 Cala
802 1450 923 1520 valide
944 1446 1225 1520 matrimonium
1243 1449 1434 1519 celebrare
1447 1452 1578 1538 (η.26).

345 1559 423 1627 Nec
447 1576 537 1627 vero
561 1558 720 1628 civicum
745 1558 817 1628 hoc
839 1557 1068 1629 domicilium
1101 1558 1169 1645 ipsi
1200 1575 1367 1645 unquam
1403 1557 1579 1627 deserue

346 1670 431 1734 rant
454 1671 539 1734 ante
564 1665 854 1735 matrimonium.
889 1666 948 1733 Ad
985 1665 1019 1735 id
1053 1666 1154 1735 enim
1188 1665 1327 1735 habere
1358 1666 1580 1738 debuissent

346 1771 514 1841 animum
538 1772 626 1842 illud
652 1773 857 1859 deserendi,
884 1778 920 1843 et
934 1772 1087 1864 sactum
1107 1773 1178 1844 alio
1195 1773 1428 1863 demigrandi
1447 1774 1577 1860 (υ.29).

346 1879 386 1947 ln
410 1879 573 1949 themate
597 1886 799 1969 utrumque
822 1879 956 1969 delicit,
982 1886 1094 1952 ulex
1116 1880 1430 1951 declarationibus
1453 1883 1581 1952 mniu-

345 2005 437 2075 gum
460 1992 497 2057 et
518 1987 667 2057 testium
693 1987 984 2058 luculentissime
1008 1992 1117 2076 patet.
1154 1988 1311 2059 Factum
1335 1995 1463 2059 autem
1499 1990 1578 2058 reti·

345 2092 456 2163 nendi
480 2113 532 2164 ea·
549 2095 584 2163 in
610 2095 703 2165 urbe
726 2094 884 2165 domum
909 2097 944 2165 in
970 2106 1147 2185 promptu
1163 2104 1199 2166 et
1219 2097 1451 2165 continenter
1474 2116 1581 2183 aper-

345 2207 420 2270 tam
446 2202 731 2289 convictoribus
757 2221 889 2289 perse
913 2205 1085 2292 loquitur.
1121 2206 1164 2273 Et
1198 2205 1243 2273 H.
1261 2203 1297 2274 S.
1314 2203 1354 2272 Ο.
1378 2202 1438 2273 die
1461 2207 1506 2273 22
1530 2203 1579 2274 le·

346 2310 470 2380 bruar.
496 2314 580 2381 1631
609 2311 790 2380 «nullum
824 2330 911 2382 esse
945 2314 1090 2382 censuit
1122 2312 1401 2384 matrimonium
1438 2313 1507 2382 viri
1540 2318 1580 2382 et
1646 2398 1651 2415 ι

347 2419 558 2503 «mulieris,
584 2419 647 2506 qui
671 2437 691 2487 e
717 2418 797 2489 loeo
822 2421 995 2506 propriae
1019 2420 1256 2490 habitationis
1277 2417 1421 2508 absque
1449 2419 1579 2489 animo

347 2523 486 2594 «illum
509 2522 742 2613 relinquendi
765 2525 1015 2613 discedentes
1041 2533 1078 2598 et
1100 2530 1147 2598 ad
1174 2529 1297 2599 locum
1331 2529 1485 2598 alterius
1516 2550 1582 2617 pa·

347 2633 532 2702 «rachiae
556 2631 633 2701 soto
663 2632 789 2704 animo
822 2632 894 2704 illie
920 2633 1204 2705 matrimonium
1233 2633 1465 2721 celebrandi,
1498 2656 1577 2707 non

347 2746 507 2813 «autern
533 2741 760 2810 domicilium
785 2743 1050 2829 contrahendi,
1075 2764 1117 2814 se
1140 2743 1422 2831 transferentes
1448 2745 1495 2814 ibi
1518 2764 1580 2813 co

346 2867 462 2918 «ram
488 2849 653 2936 parocho
677 2848 773 2918 illius
799 2851 865 2919 loci
891 2851 1171 2921 matrimonium
1197 2852 1290 2922 inter
1313 2871 1356 2922 se
1379 2861 1575 2923 contraxe

346 2976 365 3019 ‹
383 2966 501 3024 runt»
527 2956 641 3043 (apud
666 2957 801 3027 Bened.
819 2958 909 3027 XIV
934 2958 1023 3027 last.
1039 2962 1093 3029 33.
1118 2979 1152 3027 a.
1170 2960 1215 3044 8).

410 3063 458 3130 3⁰.
482 3064 621 3131 Eorum
647 3069 823 3133 neutrum
848 3070 1000 3133 nactum
1018 3063 1134 3136 fuisse
1149 3065 1337 3151 duplicem
1353 3066 1575 3152 parochiam

344 3187 394 3237 ex
417 3170 552 3256 duplici
577 3169 784 3255 domicilio,
811 3191 887 3242 uno
916 3173 951 3240 in
982 3173 1147 3259 civitate,
1172 3172 1289 3242 alteru
1324 3172 1359 3240 in
1396 3172 1575 3260 parochia

345 3296 374 3347 s.
392 3277 587 3347 Francisoi.
622 3277 680 3345 Ad
711 3280 783 3347 hoo
816 3281 915 3348 enim
949 3280 1139 3350 debuisset
1167 3279 1300 3350 saltem
1329 3280 1505 3350 alteruter
1536 3280 1574 3347 in

346 3390 503 3472 utraque
541 3385 716 3471 parochia
757 3386 895 3456 morati
928 3388 1097 3477 quadam
1136 3387 1367 3477 aequalitate
1405 3389 1575 3459 habitare

344 3493 393 3578 (n.
419 3495 487 3579 28).

409 3601 457 3668 4⁰.
481 3602 558 3671 Neo
581 3602 953 3690 quasidomiellium
970 3622 1037 3674 eos
1053 3606 1088 3671 in
1106 3605 1281 3690 parochia
1305 3623 1336 3674 s.
1353 3604 1491 3674 Nicolai
1508 3623 1577 3675 un·

343 3727 459 3797 quam
483 3711 736 3798 acquisivisse.
761 3709 819 3778 Ad
844 3711 916 3779 hoc
939 3711 1039 3781 enim
1057 3712 1323 3798 requirebatur,
1342 3717 1482 3781 utente
1498 3730 1575 3782 ma·

344 3815 557 3885 trimonium
575 3815 742 3885 amatum
759 3817 941 3888 haberent
956 3819 1093 3888 ibidem
1112 3818 1169 3887 vel
1191 3835 1261 3907 per
1279 3818 1461 3889 maiorem
1481 3816 1577 3886 anni

342 3926 493 4009 partem
507 3923 564 3993 vel
578 3924 709 3993 saltem
725 3944 797 4013 per
808 3923 952 4013 aliquot
964 3943 1108 3996 menses
1123 3926 1348 3997 consistendi
1363 3926 1573 4011 (nn.28·29).

304 4062 307 4069 ·
343 4029 473 4117 Neque
497 4050 594 4100 rinus
618 4032 753 4101 mensis
778 4033 826 4119 (n.
842 4034 911 4119 28),
935 4035 1052 4103 immo
1076 4054 1146 4105 nec
1168 4035 1300 4105 decem
1324 4034 1412 4105 anni
1428 4032 1571 4121 absque

343 4134 468 4206 animo
492 4139 716 4209 consistendi
740 4141 933 4210 sufficiunt
962 4142 1009 4212 ad
1045 4143 1404 4232 quasi-domicilium
1429 4144 1477 4229 (n.
1500 4144 1571 4228 29).

344 4244 461 4313 Porro
485 4246 521 4313 in
546 4247 718 4334 themate,
742 4250 822 4318 sive
847 4250 902 4317 vir
925 4251 1005 4320 sive
1029 4251 1162 4321 mulier
1186 4252 1221 4319 in
1246 4251 1383 4338 oppido
1407 4268 1437 4318 s.
1461 4250 1572 4319 Fran-

343 4350 429 4420 oisci
453 4351 603 4439 quidem
630 4363 851 4425 manserunt
874 4356 933 4427 vel
957 4357 1004 4429 ad
1030 4377 1223 4445 mensem3
1258 4362 1296 4427 at
1325 4356 1465 4427 nedum
1489 4355 1575 4425 abs·

344 4476 418 4545 que
441 4459 566 4529 animo
600 4464 845 4547 permanendi
879 4483 947 4551 per
982 4465 1128 4554 longius
1162 4472 1333 4553 tempus,
1357 4463 1425 4533 sed
1454 4463 1573 4531 immo

344 4564 542 4636 dumtaxat
565 4567 623 4636 vel
646 4574 686 4638 ut
708 4570 812 4639 brevi
836 4571 929 4640 alter
951 4571 1107 4643 alteram
1130 4573 1315 4660 inviseret,
1333 4571 1392 4641 vel
1407 4567 1574 4641 rurandi
