3509 5317
734 527 892 586 -37..

197 665 318 734 nitatis
342 671 379 734 et
399 663 585 735 affinitatis
598 683 648 734 ex
663 663 798 750 coputu
813 663 917 748 licita,
931 663 1097 748 exceptis
1109 662 1289 750 gradibus
1303 664 1427 749 proxi-

198 772 379 842 mioribus
392 789 510 860 usquc
520 770 573 840 ud
583 769 759 860 quintum
769 769 936 860 crudum
954 768 1128 839 inclusive
1143 769 1429 858 computationis

197 879 394 964 orientalis,
421 879 712 967 supplicandum
737 879 856 949 SSmo
875 897 942 966 pro
967 879 1083 965 gratia
1100 878 1303 949 sanationis
1320 878 1355 946 in
1376 896 1429 945 ra·

197 987 327 1056 dice».
351 988 533 1068 Quamvis
556 1006 606 1056 ex
630 987 701 1056 hoc
726 987 762 1056 S.
788 986 824 1056 C.
851 1004 1034 1073 responso
1067 992 1229 1070 eruatur,
1265 985 1426 1072 aliquem

196 1093 331 1166 saltem
355 1094 517 1183 gradum
543 1094 640 1163 ultra
664 1096 837 1182 quintum
861 1112 947 1163 esse
970 1094 1007 1161 in
1043 1113 1120 1181 quo
1143 1093 1229 1162 inita
1255 1092 1425 1181 coniugia

196 1201 320 1272 valore
343 1206 480 1288 carent,
511 1201 636 1271 adhuc
659 1207 789 1271 tamen
825 1202 898 1272 suh
921 1201 1042 1271 iudice
1073 1205 1221 1288 perstat,
1252 1220 1301 1269 an
1326 1198 1427 1287 apud

197 1327 356 1398 graecos
379 1308 581 1378 catholicos
604 1308 727 1378 valida
754 1309 813 1378 vel
837 1308 939 1377 nulta
964 1308 1038 1378 sint
1059 1308 1230 1396 coniugia
1243 1308 1427 1379 celebrata

198 1415 338 1485 sivein
370 1416 530 1503 septimo
565 1416 686 1504 gradu
722 1417 1012 1504 computationis
1036 1416 1233 1503 orientalis,
1265 1416 1372 1484 idest.
1392 1417 1427 1482 in

197 1532 333 1611 quarto
356 1523 554 1612 attingente
578 1525 728 1593 tertium
753 1525 1042 1611 computationis
1064 1525 1278 1609 canonicae,
1294 1525 1374 1592 sive
1391 1523 1426 1592 in

197 1635 330 1701 octavo
354 1631 473 1718 gradu
498 1631 613 1700 civilis
637 1651 706 1700 seu
732 1637 864 1718 quarto
896 1631 1099 1701 canonicae
1128 1632 1428 1719 computationis

265 1741 297 1809 8.
346 1736 532 1807 Tertium:
567 1740 845 1809 Matrimonium
884 1739 920 1806 in
944 1739 1069 1828 primo
1097 1738 1430 1826 consenquinitutr's

195 1845 324 1935 crudit
347 1845 465 1915 tineae
487 1851 628 1932 rectae,
655 1865 794 1933 nempe
826 1848 920 1916 inter
951 1853 1095 1934 patrem
1120 1854 1156 1917 et
1185 1846 1311 1933 titiam,
1336 1848 1430 1917 inter

200 1960 357 2023 matrem
395 1959 431 2023 et
458 1953 587 2038 fitium,
614 1960 672 2022 est
701 1954 845 2022 irritum
877 1953 985 2024 turae
1008 1961 1186 2041 naturae,
1214 1961 1250 2025 et
1272 1956 1356 2025 ideo
1380 1956 1429 2025 ab

198 2062 363 2131 Ecclesia
387 2061 595 2149 dispensari
613 2081 687 2131 non
705 2080 831 2150 posse,
856 2067 913 2133 est
928 2064 1142 2132 communis
1156 2065 1329 2133 omnium
1345 2083 1430 2134 sen·

199 2171 310 2239 tentia
335 2166 358 2236 ¹.

267 2277 373 2346 Ratio
398 2277 507 2364 petita
532 2295 581 2346 ex
604 2295 649 2346 eo
673 2277 776 2365 quod
800 2280 948 2366 genitus
971 2278 1018 2346 sit
1046 2278 1201 2366 genitori
1239 2280 1430 2350 subiectus

199 2390 237 2452 et
257 2382 417 2470 interior,
444 2385 722 2454 matrimonium
752 2403 840 2454 vero
866 2386 1124 2473 aequalitatem
1143 2388 1235 2455 inter
1251 2388 1431 2476 coniuges

199 2492 505 2578 statuatprobat
527 2492 680 2580 quidem
714 2493 898 2561 eiusmodi
931 2493 1209 2563 matrimonium
1240 2514 1326 2565 esse
1350 2495 1430 2564 iure

199 2604 356 2669 naturae
379 2599 655 2685 inconveniens,
682 2619 757 2669 non
782 2620 875 2671 vero
899 2620 983 2671 esse
1008 2601 1118 2671 etiam
1144 2602 1298 2672 irritum.

267 2707 373 2776 Ratio
397 2712 522 2778 autem
548 2727 646 2795 quae
670 2709 803 2795 probat
825 2709 909 2779 inre
934 2714 1090 2780 naturae
1114 2712 1332 2780 esse'etiam
1357 2712 1431 2779 irri-

150 2849 155 2856 ·
199 2820 279 2883 tum
304 2815 438 2901 petitur
461 2833 510 2883 ex
534 2834 579 2885 eo
604 2817 706 2902 quod
730 2817 864 2904 copula
890 2821 1090 2904 parentum
1114 2836 1201 2886 cum
1229 2818 1351 2889 liberis
1375 2838 1429 2886 se·

200 2923 367 2992 cundum
392 2942 434 2991 se
458 2932 566 2992 etex
589 2929 723 2994 natura
748 2925 800 2993 rei
823 2925 870 2994 sit
893 2923 1012 3011 foeda,
1046 2925 1093 2993 uti
1124 2932 1222 3012 patet
1245 2945 1294 2994 ex
1325 2934 1428 2997 natu-

201 3029 266 3100 rali
301 3031 472 3100 instinctu
503 3031 673 3101 omnium
699 3029 776 3102 fere
800 3034 966 3121 gentium
1002 3033 1112 3102 talem
1148 3033 1430 3104 abhorrentium

200 3137 446 3207 concubitum·
463 3135 486 3205 ².
521 3140 578 3207 Ex
601 3157 647 3208 eo
675 3145 803 3209 autem
835 3141 936 3227 quod
967 3141 1047 3211 iure
1078 3147 1233 3210 naturae
1265 3138 1370 3211 foeda
1395 3149 1431 3210 et

199 3243 318 3315 illicita
343 3246 390 3315 sit
405 3246 494 3316 ⁴tatis
518 3245 662 3333 copula,
689 3246 940 3316 recteinferri
966 3266 1079 3335 posse
1115 3249 1270 3334 videtur,
1296 3250 1429 3318 eodem

200 3352 281 3420 iure
304 3353 585 3422 matrimonium
614 3354 716 3442 quod
752 3354 800 3424 ad
824 3356 999 3442 copulam
1033 3355 1199 3438 retertur,
1226 3357 1427 3427 invalidum

201 3476 296 3547 esse,
320 3479 389 3529 seu
417 3462 498 3547 tale,
525 3463 633 3531 cuius
660 3463 903 3555 contrahendi
933 3468 1152 3550 potestatem
1182 3464 1349 3534 humano
1372 3484 1431 3554 ge·

201 3568 278 3636 neri
303 3585 378 3635 non
402 3571 629 3638 concesserit
653 3569 754 3638 Deus
780 3570 802 3636 ⁸.
954 3659 956 3662 Ι

266 3676 297 3743 9.
322 3677 380 3742 An
404 3676 564 3745 irritetur
593 3677 874 3747 matrimonium
910 3675 993 3746 iure
1027 3681 1190 3746 naturae
1215 3675 1252 3746 in
1283 3675 1365 3747 nlu's
1395 3677 1431 3745 t·-

200 3798 293 3849 neoc
315 3787 415 3850 recte
435 3781 632 3870 gradibus,
652 3791 757 3854 extra
777 3786 1254 3872 primumincertissimum
1267 3794 1332 3871 est,
1349 3791 1429 3855 tum

201 3894 353 3976 propter
369 3890 586 3976 opinionum
604 3891 866 3979 diversitatem,
882 3902 961 3961 tum
978 3894 1027 3961 ob
1039 3895 1224 3962 rationum
1240 3897 1429 3962 momenta

270 4153 280 4189 ¹
303 4153 440 4213 Sanchez
464 4153 517 4210 tit.
535 4153 565 4210 7.
582 4152 667 4228 disp.
683 4149 738 4210 51.
763 4169 798 4209 u.
824 4151 863 4222 7;
878 4183 915 4196 -
929 4153 1063 4228 Pirhing
1084 4152 1185 4211 citans
1201 4152 1350 4221 Sanchez,
1371 4151 1427 4209 loc.

202 4252 256 4310 cit.
279 4270 315 4309 n.
340 4255 373 4309 8.

269 4348 340 4408 ²1).
365 4350 508 4408 Ambros.
531 4366 581 4424 ep.
608 4347 662 4406 66.
688 4348 732 4405 ad
755 4350 939 4407 Paternum
961 4349 1057 4408 dicit:
1089 4350 1305 4408 «connubium
1332 4349 1431 4425 patris

199 4467 268 4508 cum
290 4449 356 4510 uria
374 4464 511 4526 pugnare
526 4464 594 4506 cum
617 4447 685 4524 lege
698 4452 828 4507 naturae
850 4448 881 4506 in
897 4448 1088 4523 singulorum
1111 4448 1252 4506 cordibus
1267 4447 1387 4524 scripta
1400 4464 1427 4504 r.

204 4549 290 4626 Apud
310 4548 449 4607 Sanchez
470 4550 523 4606 cit.
550 4546 604 4604 tit.
630 4546 660 4605 7.
686 4547 769 4622 disp.
796 4546 851 4605 51.
876 4565 911 4605 n.
940 4545 969 4604 7.

268 4644 452 4715 ⁸Sanchez,
474 4645 609 4721 Pirhing
633 4645 666 4703 ll.
692 4646 746 4702 cit.
770 4641 837 4703 oum
860 4644 943 4703 aliis.
