3509 5317
1362 487 1717 547 -113—

322 643 356 683 «
388 622 485 691 Ut
531 622 730 691 enim
804 618 1122 690 infidelis
1182 639 1624 708 conversus,
1674 620 1944 689 scribit
1982 620 2363 708 Pignatelli
2400 619 2443 707 ²,
2493 625 2772 696 contra-

318 727 491 796 here
542 727 779 814 possit
822 728 1024 798 aliud
1067 728 1651 812 matrimonium,
1693 746 1846 798 non
1880 726 2155 796 sufficit
2185 727 2535 796 voluntas
2570 745 2772 813 praa-

315 840 617 921 sumpta
667 834 1006 923 coniugis
1057 819 1408 919 infidelis}
1458 835 1663 922 quod
1710 835 1892 904 nolit
1936 833 2298 920 (converti
2337 833 2501 919 aut)
2548 833 2764 902 coha-

316 941 582 1027 bitare,
638 952 717 1010 ut
761 942 824 1011 si
873 942 1076 1027 regio
1142 942 1267 1011 ubi
1320 942 1520 1031 degit
1573 941 1791 1011 valde
1847 941 2098 1027 distet,
2162 941 2298 1010 sed
2362 938 2776 1028 requiritur

317 1046 543 1115 etiam
592 1045 1052 1136 dispensatio
1098 1047 1515 1137 apostoliea
1546 1070 1607 1116 ».
1658 1047 1911 1126 sedin
1947 1066 2144 1136 quae
2173 1047 2370 1117 cadit
2407 1047 2768 1115 eiusmodi

315 1155 721 1241 apostolica
783 1155 1283 1242 dispensatio?
1331 1193 1371 1205 -
1422 1157 1837 1225 Praeeunte
1895 1156 2142 1241 itaque
2202 1154 2481 1239 PontiO,
2546 1172 2768 1241 quein

315 1262 482 1332 citat
529 1269 604 1330 et
648 1264 985 1349 sequitur
1032 1264 1581 1333 Lambertinius
1617 1260 1670 1348 ²,
1722 1262 2056 1331 nonnulli
2119 1261 2408 1349 docent,
2474 1280 2776 1330 conver-

315 1387 483 1437 sum
536 1368 637 1444 ad
682 1367 912 1437 fidem
962 1368 1157 1437 aliud
1197 1370 1754 1439 matrimonium
1790 1369 1861 1437 in
1898 1387 2082 1438 casu
2116 1368 2298 1437 inire
2329 1386 2480 1436 non
2525 1386 2772 1454 posse,

317 1477 451 1544 nisi
498 1474 962 1565 dispensatio
1006 1475 1398 1566 Ponttfl'cc's
1444 1477 1783 1561 accedat,
1838 1495 1991 1565 qua
2039 1475 2489 1565 suppleatur
2522 1494 2614 1543 ea
2642 1476 2772 1544 ati-

315 1582 671 1668 monitio;
716 1583 1070 1652 nimirum
1120 1585 1327 1653 aiunt
1371 1603 1565 1671 opus
1613 1603 1803 1669 esse,
1857 1589 1935 1652 ut
1982 1581 2321 1652 Pontifex
2366 1581 2776 1668 apostolica

315 1697 680 1776 potestate
725 1688 1102 1779 dispenset
1148 1689 1245 1760 ab
1292 1689 1887 1779 interpellatione
1934 1688 2308 1776 coniugis,
2361 1705 2581 1776 quem
2630 1704 2772 1754 nasi

311 1815 531 1883 posse
583 1794 1052 1885 interpellari
1082 1794 1398 1886 leyc'time
1430 1802 1742 1866 constat.
1790 1832 1835 1845 -
1883 1800 1977 1865 At
2006 1796 2069 1864 si
2101 1795 2419 1864 conditio
2452 1794 2549 1863 ab
2582 1796 2772 1880 Apo-

316 1905 503 1972 stolo
560 1905 910 1991 requisita
954 1902 1049 2000 (si
1075 1904 1402 1991 infidelis
1434 1903 1771 1989 discedit,
1811 1902 2173 1987 discedat)
2220 1903 2293 1970 in
2327 1900 2520 1970 facto
2553 1900 2704 1968 desi
2720 1916 2772 1972 tss

318 2022 387 2081 et
433 2013 749 2099 insuper
793 2013 853 2082 si
903 2013 1031 2100 qui
1078 2014 1528 2101 supponitur
1557 2011 1972 2096 discedens,
2028 2011 2507 2080 christianam
2541 2006 2768 2076 fidem

316 2125 385 2186 et
433 2119 899 2206 baptismum
947 2130 1390 2208 susceperat
1435 2126 1840 2206 antequam
1875 2118 2060 2187 alter
2108 2116 2780 2204 hoc1·egenerati÷2›-

316 2226 428 2293 nis
480 2226 784 2295 lavacro
835 2226 1375 2313 iustificaretur,
1425 2237 1556 2296 aut
1599 2226 1865 2295 saltem
1899 2231 2304 2313 antequam
2340 2240 2581 2291 novas
2612 2239 2780 2289 con-

318 2334 648 2404 traheret
693 2335 1031 2421 nuptiaS,
1096 2335 1187 2404 ita
1241 2340 1320 2403 ut
1366 2335 1575 2421 prius
1623 2333 2185 2403 matrimonium
2233 2332 2307 2399 in
2359 2329 2778 2399 infidelitate

317 2441 581 2509 initum
632 2440 780 2511 iam
831 2446 1088 2510 ratum
1136 2443 1489 2527 evaserit,
1547 2441 1931 2528 quomodo
1980 2438 2141 2508 sola
2192 2439 2440 2524 Papae
2486 2437 2780 2523 dispari*

316 2552 604 2619 satione
651 2551 748 2620 ab
796 2550 1379 2636 interpellatione
1430 2549 1811 2619 vinculum
1848 2549 2113 2635 prioris
2145 2545 2595 2616 matrimonii
2626 2562 2776 2613 ces-

315 2659 554 2728 sabit?
629 2659 972 2728 Ceterum
1024 2678 1249 2751 nemo
1298 2659 1626 2747 ignorat,
1682 2657 2131 2726 solutionem
2189 2655 2454 2742 prioris
2502 2652 2768 2720 vinculi

315 2764 806 2834 essentialiter
853 2765 1361 2834 necessariam
1410 2782 1600 2850 esse,
1651 2774 1733 2832 ut
1777 2763 1948 2850 quis
1997 2762 2232 2850 possit
2276 2778 2560 2853 novum
2598 2759 2776 2825 init-r.¹

314 2872 772 2959 coniugium.

447 2978 756 3047 Rectius
803 2978 1019 3066 igitur
1067 2979 1479 3048 ratiocinari
1528 2998 1618 3048 ac
1665 2977 1945 3048 veritati
1978 2975 2377 3063 suffragari
2417 2973 2780 3056 videntur,

315 3085 439 3170 qui
484 3103 664 3153 cum
690 3084 1137 3172 VerricelliO,
1164 3087 1380 3155 citato
1404 3106 1448 3156 a
1479 3086 1979 3155 Lambertinio
2006 3083 2051 3172 ³,
2088 3103 2187 3153 ex
2226 3081 2559 3170 Gregorii
2585 3080 2780 3156 xlii,

320 3191 605 3262 Urbani
654 3191 816 3259 VIII
868 3202 940 3261 et
986 3192 1088 3260 Pii
1136 3193 1204 3260 V
1250 3193 1505 3262 litteris
1551 3193 2048 3279 concludunt,
2114 3190 2600 3278 apostolicam
2666 3188 2784 3256 Sa-

318 3296 494 3365 dem
543 3297 617 3365 in
668 3298 1033 3368 eiusmodi
1082 3300 1404 3386 casibuS,
1454 3299 1730 3386 quihus
1777 3316 2198 3368 conversus
2243 3296 2337 3366 ad
2387 3295 2618 3364 fldem
2662 3316 2788 3361 nn-

322 3424 504 3474 vum
558 3404 729 3474 velit
774 3407 1331 3475 matrimonium
1384 3408 1585 3494 inire,
1635 3409 1820 3479 dum
1869 3407 2053 3476 alter
2100 3405 2379 3475 coniux
2447 3404 2784 3489 interpel-

320 3513 597 3582 landus
643 3513 828 3582 adiri
879 3514 1027 3583 ullo
1075 3520 1290 3602 pacto
1339 3523 1682 3602 nequeat,
1740 3534 1893 3584 non
1943 3522 2091 3584 tam
2142 3514 2780 3600 dispensationem

320 3726 380 3779 et
408 3721 700 3796 Gregorii
733 3721 886 3780 XIII
917 3738 1058 3780 mox
1094 3720 1396 3789 citandos,
1431 3726 1638 3781 certas
1667 3721 1961 3797 quasdam
2008 3720 2428 3779 tantummodo
2457 3719 2784 3796 complecti

321 3817 629 3892 regioneS,
675 3804 868 3891 neque
909 3818 984 3876 ad
1029 3818 1190 3878 alias
1252 3819 1503 3877 extendi
1546 3836 1761 3895 posse,
1808 3818 2206 3894 quantumvis
2248 3817 2512 3876 rationis
2563 3823 2626 3875 et
2666 3820 2788 3872 eii·-

321 3914 842 3973 eumstantiarum
885 3915 1126 3992 paritas
1167 3923 1276 3976 aut
1306 3917 1602 3976 identitas
1644 3917 1703 3975 id
1736 3918 1992 3976 suadere
2033 3916 2341 3975 videatur.
2375 3949 2418 3959 -
2446 3916 2646 3982 Quare
2684 3916 2780 3972 ulii

324 4030 436 4069 non
487 4014 752 4072 habetur
795 4014 1135 4090 apostolica
1178 4016 1469 4088 facultas,
1517 4035 1756 4093 semper
1821 4017 2096 4075 adeunda
2137 4016 2262 4075 erit
2307 4015 2491 4074 Sedes
2549 4024 2780 4090 apost-³*

324 4110 447 4171 lica
491 4112 593 4170 vel
639 4130 749 4189 pro
795 4113 1201 4173 facultatibus
1242 4115 1306 4173 in
1352 4133 1599 4191 genere,
1646 4116 1747 4174 vel
1792 4134 1901 4193 pro
1944 4115 2190 4174 casibus
2233 4115 2294 4172 in
2340 4115 2560 4191 specie.

458 4211 477 4246 ¹
525 4209 914 4286 PignatelII,
965 4211 1539 4270 Consultationum
1599 4215 2087 4271 canonicarum
2117 4257 2131 4278 ‚
2177 4221 2325 4269 tom.
2379 4210 2440 4268 4.
2503 4216 2776 4268 consuit.

339 4304 482 4364 189.
535 4327 605 4366 η.
662 4307 720 4364 7.
761 4323 923 4383 pay.
963 4307 1124 4369 283.
1171 4310 1320 4369 edit.
1369 4310 1589 4370 Venet.
1644 4309 1822 4370 1704.

457 4406 480 4443 ‘³
526 4406 685 4465 Vide
731 4407 1046 4466 Benedicti
1078 4409 1227 4467 XIV
1290 4426 1451 4489 opus¹
1482 4410 1559 4465 cle
1605 4410 1866 4482 synodo
1933 4408 2040 4467 lib.
2092 4406 2152 4466 6.
2204 4425 2346 4481 cap.
2397 4405 2459 4463 4.
2512 4413 2578 4461 η’.
2634 4403 2688 4458 3.
2756 4440 2780 4444 -

326 4513 389 4561 et
435 4505 663 4563 Iterum
712 4505 817 4563 lib.
879 4505 977 4564 13.
1031 4525 1171 4580 cap.
1225 4505 1336 4564 21.
1387 4524 1510 4564 nn.
1566 4506 1712 4567 3-4.

459 4599 481 4634 ³
533 4599 623 4658 De
669 4600 929 4673 Synodo
978 4601 1084 4658 lib.
1132 4601 1236 4661 13.
1286 4621 1428 4676 cap.
1467 4600 1580 4659 21.
1632 4621 1697 4660 n.
1737 4603 1801 4659 5.

433 4731 738 4775 Massam.
771 4732 842 4773 De
869 4733 1290 4783 Impedtmenns.
2658 4729 2671 4769 ξ
