3509 5317
703 481 856 542 -53,

162 615 255 685 tales
279 616 418 688 redacti
442 615 587 705 fuerint,
612 637 851 706 consequens
874 627 951 704 est,
977 623 1017 687 ut
1040 618 1088 688 ad
1123 636 1211 687 eum
1248 636 1399 705 quoque

162 723 329 810 gradum
354 742 423 793 seu
447 743 643 812 personas,
668 725 855 796 affinitatis
878 744 1030 813 quoque
1053 725 1195 813 gradus
1227 725 1399 795 extende

163 836 278 900 retur.
304 830 378 901 Sed
403 849 474 900 nos
498 837 681 902 statutum
705 831 934 902 sacrosancti
958 831 1220 901 Lateranensis
1241 830 1398 917 Concilii,

163 940 222 1008 cui
236 939 452 1009 Patriarcha
471 946 597 1010 noster
610 940 818 1009 Hieremias
830 937 1001 1024 interluit,
1015 941 1051 1008 in
1065 940 1253 1026 praedicto
1265 945 1400 1027 quarto

163 1047 354 1118 affinitatis
377 1047 498 1136 gradu
524 1048 797 1133 observamus;
822 1045 993 1134 adeoque
1017 1046 1271 1132 declaramus,
1297 1046 1400 1133 quod

164 1157 311 1227 etiamsi
333 1156 371 1224 in
396 1157 476 1225 iure
502 1154 669 1225 orientali
694 1155 923 1243 prohibitum
947 1156 1002 1240 sit,
1027 1161 1068 1225 ut
1090 1159 1196 1243 pater
1230 1160 1267 1224 et
1300 1152 1400 1224 tilius

164 1284 254 1335 cum
278 1269 401 1333 matre
425 1263 581 1350 eiusque
606 1261 681 1331 fllia
705 1262 936 1348 contrahant,
961 1266 1027 1332 aut
1049 1263 1125 1332 duo
1149 1260 1281 1332 fratres
1311 1280 1399 1332 curn

164 1373 318 1444 duabus
341 1371 549 1453 sororibus
574 1375 839 1442 sacrosanctae
854 1376 981 1441 tamen
998 1373 1194 1442 Romanae
1214 1372 1403 1442 Ecclesiae

165 1498 315 1550 morem
340 1485 545 1567 sequentes
569 1477 806 1548 matrimonia
837 1478 1053 1547 huiusmodi
1091 1486 1269 1566 tanquam
1306 1477 1400 1548 licita

165 1585 439 1676 approbamus.
464 1584 637 1655 Affinitas
661 1584 759 1655 enim
786 1603 861 1656 non
887 1590 942 1655 est
975 1584 1068 1654 inter
1102 1591 1284 1673 cognatos
1317 1603 1400 1655 con·

164 1694 404 1779 trahentium,
428 1692 496 1763 sed
520 1692 615 1763 inter
639 1712 760 1762 unum
784 1692 1070 1763 contrahentem
1094 1699 1130 1762 et
1153 1699 1335 1782 cognatos
1350 1693 1400 1763 al·

165 1804 283 1872 terius
307 1802 570 1871 contrahentis.
596 1800 913 1887 impedimentum
938 1819 1029 1870 vero
1053 1800 1156 1887 quod
1180 1808 1332 1888 propter
1355 1798 1402 1869 af·

165 1907 346 1978 finitatem
371 1927 422 1978 ex
449 1905 696 1989 fornicatione
719 1913 948 1977 contractam
972 1906 1175 1995 inducitur,
1211 1911 1247 1978 et
1282 1907 1403 1975 matri·

167 2015 339 2086 monium
363 2020 492 2103 postea
517 2013 656 2085 factum
683 2015 830 2101 dirimit
854 2015 903 2086 ad
927 2033 993 2085 eos
1016 2019 1161 2084 tantum
1186 2015 1249 2102 qui
1278 2015 1401 2102 primo

166 2130 202 2193 et
226 2124 396 2195 secundo
421 2123 541 2213 gradu
565 2122 847 2212 coniunguntur
870 2122 1057 2208 restringit
1079 2127 1208 2191 sancta
1224 2121 1402 2210 Synodus

167 2231 380 2301 Tridentina
408 2230 429 2317 ²,
454 2231 490 2298 in
515 2229 759 2300 ulterioribus
783 2248 872 2299 vero
903 2229 1085 2317 gradibus
1113 2229 1247 2314 statuit,
1277 2228 1402 2297 huius-

72 2388 75 2393 -
168 2340 270 2409 modi
295 2337 511 2410 affinitatem
531 2339 816 2408 matrimonium
835 2345 965 2424 postea
980 2342 1213 2423 contractum
1230 2355 1306 2405 non
1323 2335 1403 2403 diri·

169 2466 308 2518 mere»
335 2444 358 2514 ².

543 2689 545 2693 “
607 2677 880 2750 ARTICULUS
905 2678 962 2747 111.

169 2850 213 2918 [le
236 2851 377 2933 publicae
400 2853 573 2919 honestatis
597 2853 818 2935 inpedimento,
841 2890 857 2900 -
882 2871 920 2920 ac
942 2854 978 2919 le
1001 2853 1119 2919 recenti
1149 2854 1340 2935 quaestione,
1363 2869 1401 2918 an

244 2951 301 3016 ltoc
324 2950 567 3034 inpedimentum
586 2952 701 3018 oriatur
723 2953 813 3019 ctiam
836 2968 872 3018 et
895 2950 1082 3018 matrimonio
1098 2950 1195 3027 civili;
1218 2987 1236 2995 -
1257 2956 1347 3033 atque
1364 2945 1400 3016 lle

243 3047 312 3126 alia,
335 3066 374 3114 an
397 3052 510 3116 oriatur
532 3065 569 3115 ex
592 3051 717 3115 incenis
740 3049 787 3116 vel
810 3050 866 3117 sub
889 3049 1061 3116 conditione
1085 3049 1251 3115 celebratis
1272 3065 1402 3130 sponsa-

242 3147 323 3214 libus
346 3154 377 3215 el
399 3148 606 3215 matrimoniis.

238 3340 268 3406 1.
294 3334 451 3406 Publica
466 3336 645 3406 honestus
662 3342 717 3406 est
733 3338 990 3425 propinquitas
1006 3358 1074 3408 seu
1090 3340 1279 3427 quaedam
1295 3340 1403 3428 quasi

170 3444 340 3532 affinitas
365 3463 463 3532 quae
490 3463 557 3531 per
580 3444 882 3515 coniunctionem
907 3465 983 3515 non
1007 3465 1209 3534 corporum
1235 3447 1303 3517 sed
1327 3448 1402 3517 ani·

171 3570 321 3621 morum
346 3551 462 3621 oritur
485 3557 569 3621 turn
594 3570 643 3620 ex
667 3550 905 3641 sponsalibus
936 3554 1030 3622 inter
1066 3573 1184 3623 unum
1217 3571 1401 3641 sponsum

170 3665 206 3728 et
228 3659 532 3747 consanguineos
555 3659 719 3747 alteriue,
746 3665 824 3731 turn
850 3680 900 3730 ex
924 3658 1166 3730 inatrimonio
1188 3666 1276 3730 reto
1311 3661 1404 3729 inter

172 3784 291 3835 unum
315 3765 516 3853 coniugem
540 3771 576 3836 et
598 3766 753 3836 alterius
776 3769 1089 3856 consanguineos.

235 3876 269 3942 2.
293 3875 376 3942 Non
401 3873 553 3961 quidem
580 3875 750 3961 naturali,
770 3875 836 3944 sed
855 3876 937 3945 solo
953 3873 1199 3946 eeclesiastico
1215 3875 1296 3944 iure
1312 3875 1405 3944 eius

172 3981 273 4050 modi
298 3980 608 4068 impedimentum
627 3981 763 4053 dirimit
778 3984 1070 4069 matrimonium,
1089 3989 1128 4053 ut
1143 4002 1278 4053 omnes
1294 3979 1405 4062 faten-

172 4092 233 4156 tur
257 4085 280 4154 ⁸.
303 4125 326 4136 -
349 4087 589 4159 Constituitur
622 4095 750 4162 autem
781 4089 956 4177 pluribus
987 4089 1155 4161 canonici
1185 4091 1276 4160 iuris
1307 4088 1404 4175 capi·

241 4303 251 4340 ¹
274 4302 358 4363 Sese.
384 4303 441 4364 24.
466 4306 505 4364 de
527 4308 660 4381 reform.
686 4308 832 4366 matrim.
856 4325 928 4381 cup.
952 4305 986 4367 4.
1014 4369 1016 4373 ,

240 4401 416 4480 ²Synodus
438 4406 577 4482 provinc.
610 4404 774 4477 libansnis,
801 4424 852 4464 an.
878 4404 967 4478 1736,
988 4415 1075 4481 port.
1103 4406 1304 4484 2.eap.11.
1330 4409 1350 4483 5
1370 4408 1403 4469 8.

177 4517 209 4559 n.
234 4500 264 4559 5,
287 4519 363 4577 pap.
390 4501 444 4561 77.
468 4503 522 4563 cit.
546 4504 621 4564 edit.

240 4597 415 4659 ³Sanchez
439 4600 492 4657 lib.
519 4599 548 4659 7.
575 4602 661 4676 dz'sp.
686 4600 741 4659 68.
767 4620 828 4661 nn.
858 4601 930 4661 1-2.
954 4611 985 4662 et
1004 4604 1087 4679 disp.
1115 4603 1169 4663 70.
1193 4623 1228 4663 n.
1254 4602 1287 4662 2.
