3509 5317
1762 489 2119 549 ...386-

850 628 1182 692 Themas
1242 626 1666 695 Senchez....
1737 627 2260 713 quaestionem
2331 626 2528 695 hanc
2598 626 2823 715 agitat
2891 627 2963 694 in
3035 646 3186 696 suo

718 736 958 820 Opere
1006 732 1094 800 cie
1142 730 1622 801 matrimonio
1670 730 1786 801 lib.
1820 735 1882 802 3.
1916 730 2107 822 disp.
2143 735 2250 801 17.
2299 737 2371 802 et
2417 751 2568 820 seq.
2616 733 2744 802 ubi
2777 734 2927 802 sub
2973 753 3046 802 n.
3079 737 3186 802 29

718 840 1038 908 defendit
1086 840 1416 912 validum
1489 842 2048 911 matrimonium
2120 840 2380 909 initum
2444 840 2515 908 in
2585 841 2789 924 1000,
2840 839 2969 909 ubi
3017 859 3186 928 pro-

718 948 1134 1036 mulgatum
1190 968 1338 1016 nen
1389 947 1603 1019 fuerit
1650 947 2129 1017 tridentinum
2178 946 2607 1033 Concilium,
2658 949 3013 1034 quamvis
3060 947 3183 1016 ille

714 1056 838 1144 qui
890 1056 1270 1132 eemrshit,
1322 1056 1776 1124 domicilium
1829 1055 2100 1125 habeat
2147 1055 2219 1123 in
2271 1053 2435 1122 loco
2469 1053 2596 1122 ubi
2628 1052 3038 1124 Concilium
3075 1074 3186 1124 re-

714 1172 1014 1248 eeptum
1066 1172 1194 1244 est,
1246 1164 1564 1251 indeque
1614 1163 2063 1248 discesserit,
2112 1168 2194 1232 ut
2239 1180 2372 1231 eas
2434 1160 2910 1231 difficultates
2971 1160 3182 1231 aufu-

714 1280 918 1356 geret
966 1272 1034 1336 in
1090 1292 1278 1356 [lues
1350 1270 1706 1340 inciderat
1758 1269 1870 1339 vel
1917 1269 2243 1338 incidere
2290 1287 2374 1337 se
2421 1287 2648 1356 posse
2713 1267 3061 1355 rebatur,
3111 1270 3176 1337 si

718 1380 1268 1444 matrimonium
1322 1377 1590 1446 ibidem
1641 1378 2084 1447 contrahere
2135 1377 2535 1445 voluisset:
2583 1393 2760 1444 cum
2810 1394 2996 1445 vero
3054 1396 3181 1463 op-

714 1488 1010 1572 ponitur
1058 1484 1511 1556 intercedere
1559 1483 1924 1570 fraudem,
1975 1491 2151 1553 tunc
2199 1483 2645 1570 respondet,
2697 1481 2814 1551 vel
2880 1483 3172 1553 nullam

714 1592 958 1660 inesse
1006 1592 1342 1664 fraudem
1396 1593 1524 1661 ubi
1570 1593 1737 1680 quis
1787 1592 1946 1661 iure
1993 1610 2135 1663 suo
2187 1592 2429 1675 utitur,
2464 1589 2822 1676 quonlam
2858 1591 3169 1659 vetitum

714 1716 858 1764 nen
910 1708 1022 1768 est
1067 1720 1110 1768 e
1162 1700 1322 1768 leee
1372 1699 1443 1767 in
1493 1717 1644 1786 quo
1696 1705 2079 1785 receptum
2151 1695 2285 1766 fuit
2352 1696 2803 1780 Concilium,
2855 1699 3176 1767 transire

710 1804 806 1872 ast
854 1804 1082 1872 elium
1150 1804 1270 1872 uhi
1338 1823 1486 1872 non
1548 1805 1640 1873 sit
1699 1810 2127 1891 receptum;
2189 1802 2307 1872 vel
2357 1802 2641 1872 etiamsi
2688 1800 2902 1870 fraus
2965 1804 3181 1872 inter-

710 1916 1030 1980 cessisse
1078 1912 1445 1998 eredstur,
1494 1912 1863 1982 eiusmodi
1911 1909 2255 1981 fraudem
2290 1909 2615 1979 illicitum
2651 1908 2980 1995 quidem,
3017 1929 3172 1978 non

710 2020 814 2088 sie
870 2040 1042 2088 vere
1094 2020 1382 2088 nullum
1434 2021 1991 2089 matrimonium
2041 2019 2361 2089 efficere.
2411 2019 2808 2088 Pontius...

846 2132 946 2196 Ne
1004 2148 1270 2196 verm..-
1342 2126 1607 2216 (affert
1669 2129 1842 2197 DD.
1905 2127 2038 2216 qui
2101 2124 2570 2197 contrariam
2642 2130 2951 2195 tuentur
3018 2145 3178 2195 sen-

714 2236 1070 2312 testitum).

846 2344 1162 2412 Sedente
1210 2344 1254 2412 f.
1290 2364 1342 2412 r.
1396 2344 1701 2415 Urbano
1751 2343 1916 2411 VIII
1989 2344 2064 2410 P.
2105 2343 2225 2427 Μ.,
2292 2341 2635 2428 Archiep.
2702 2340 3177 2411 Coloniensis

710 2448 1002 2516 Eleeter
1050 2452 1178 2520 tria
1234 2452 1417 2520 haec
1462 2449 1687 2519 dubia
1737 2450 2128 2536 proposuit
2172 2467 2431 2517 coram
2504 2446 2771 2534 Congr.
2821 2447 3173 2516 Concilii:

710 2560 1102 2636 Quaeritur
1150 2557 1520 2625 humiliter
1567 2575 1611 2625 a
1661 2556 1732 2625 S.
1768 2557 1841 2625 C.
1889 2575 1985 2625 an
2036 2555 2320 2623 incolae
2369 2560 2519 2623 tam
2572 2554 2887 2623 masculi
2935 2573 3172 2642 quam

710 2664 1026 2732 feminae
1078 2664 1210 2740 leei
1262 2668 1330 2732 in
1381 2683 1531 2752 quo
1581 2663 1989 2734 Concilium
2039 2663 2517 2732 tridentinum
2565 2661 2636 2728 iu
2687 2667 2967 2748 puncto
3018 2679 3172 2730 ma·

710 2776 1026 2840 trimenii
1074 2780 1182 2840 est
1234 2773 1798 2860 premulgatum
1845 2776 1917 2841 et
1962 2775 2450 2857 acceptatum,
2500 2773 2985 2839 transeuntes
3031 2787 3170 2854 per

710 2880 954 2948 lecum
1007 2884 1074 2948 in
1126 2900 1274 2968 [lui]
1326 2880 1601 2949 dictum
1650 2879 2055 2948 Concilium
2091 2896 2241 2945 non
2278 2883 2391 2946 est
2437 2874 3171 2963 promulgatum,·re-

706 2988 1018 3052 timentes
1066 2988 1258 3052 idem
1310 2988 1790 3073 domicilium,
1841 2985 2082 3056 valide
2129 2984 2419 3072 possint
2466 2985 2536 3050 in
2585 2983 2726 3051 isto
2775 2982 2944 3050 loco
3018 3000 3172 3051 ma·

706 3092 1134 3160 trimenium
1186 3096 1342 3164 sine
1391 3094 1722 3179 parocho
1756 3098 1829 3162 et
1859 3094 2169 3162 testibus
2202 3090 2665 3160 contrahere.
2697 3125 2742 3139 —
2774 3087 3168 3158 Secundo:

706 3200 894 3276 Quid
942 3200 1002 3268 si
1054 3220 1142 3268 ee
1194 3201 1543 3288 praedicti
1593 3200 1893 3271 incolae·
1942 3206 2097 3270 tam
2161 3197 2474 3268 masculi
2533 3213 2767 3284 quam
2815 3194 3164 3279 feminae,

706 3304 862 3372 selu
914 3308 1166 3376 enims
1214 3308 1370 3376 sine
1420 3309 1752 3395 parocho
1803 3313 1875 3377 et
1921 3307 2233 3377 testibus
2265 3302 2776 3388 contrahendi,
2810 3321 2896 3372 se
2929 3310 3168 3373 trans-

706 3412 958 3500 ferent,
1010 3416 1535 3484 habitationem
1583 3434 1735 3486 non
1771 3419 2167 3484 mutantes.
2200 3451 2247 3461 —
2277 3411 2566 3482 Tertio:
2615 3409 2805 3491 Quid
2838 3409 2903 3478 si
2936 3410 3161 3478 iidem

706 3524 990 3592 ineelae
1042 3528 1186 3592 tem
1242 3523 1550 3592 masculi
1599 3542 1830 3610 quam
1880 3521 2203 3592 feminae
2251 3539 2340 3588 eo
2389 3517 2842 3590 transferant
2890 3518 3170 3588 habita·

702 3636 978 3700 tamem
1034 3632 1146 3700 ille
1198 3632 1358 3700 sele
1405 3631 1677 3717 animo,
1729 3635 1810 3699 ut
1853 3631 2142 3717 absque
2179 3627 2506 3716 parocho
2541 3632 2614 3696 et
2647 3625 2963 3694 testibus
2995 3644 3164 3694 con-

702 3740 998 3808 trahent
1042 3776 1102 3804 —.

844 3846 998 3912 Hee
1034 3852 1282 3912 sutem
1318 3844 1803 3931 Congregatio
1836 3841 2035 3911 dedit
2066 3831 2556 3927 responsum:
2606 3838 2736 3907 Die
2768 3840 2813 3906 5
2844 3844 3165 3924 septem-

702 3956 858 4020 bris
910 3952 1082 4020 1625
1130 3952 1202 4020 S.
1238 3952 1306 4020 C.
1358 3949 1461 4019 ad
1515 3950 1851 4037 primum
1913 3955 1987 4019 et
2045 3946 2457 4017 seeundum
2517 3942 2957 4034 respondit,
3012 3962 3160 4012 non

702 4076 858 4128 esse
910 4060 1310 4144 iegitimem
1362 4055 1923 4126 matrimonium
1969 4053 2165 4124 inter
2212 4052 2317 4123 sie
2361 4072 2440 4122 se
2491 4048 3039 4139 transferentes
3087 4054 3160 4117 et

706 4172 1174 4236 transeuntes
1226 4184 1394 4232 essm
1426 4162 1738 4251 fraude.
1790 4199 1828 4211 -
1879 4161 2003 4231 Ad
2053 4160 2352 4231 tertium
2400 4157 2811 4249 respondit,
2866 4155 3012 4225 nisi
3037 4154 3160 4225 do-

702 4272 1042 4340 mieiiimii
1122 4292 1290 4340 sere
1366 4270 1927 4358 transferatur,
1981 4265 2551 4338 matrimonium
2611 4284 2761 4334 non
2819 4281 2981 4333 esse
3036 4282 3160 4331 oa-

698 4380 950 4448 iidem.

838 4488 1322 4556 Institerunt...
1371 4484 1599 4569 (Dicit
1643 4482 1916 4555 Urban.
1962 4483 2143 4550 VIII
2175 4480 2674 4571 confirmasse
2717 4497 2861 4566 per
2909 4479 3158 4547 Breve

701 4600 894 4664 iisne
942 4592 1463 4664 restitutionem
1516 4594 1585 4662 S.
1632 4593 1702 4663 C.
1749 4597 1826 4661 et
1866 4587 2408 4681 prosequitur).
2458 4588 2704 4657 Huius
2752 4605 2935 4656 vero
2982 4581 3158 4654 defl-

3476 3741 3488 3937 fflv-—z
3474 3568 3488 3723 Q
3477 3491 3488 3551 *Ar-⁴
