3509 5317
706 474 858 534 -71-

164 617 288 680 autem
315 612 478 681 existant
493 618 617 682 sectae
633 630 682 681 ex
699 611 1001 697 protestantismo
1022 616 1163 693 enatae,
1181 612 1292 695 prout
1307 610 1395 676 sunt

163 717 354 803 sociniani‚
368 719 522 802 unitarii,
539 719 684 806 aliique,
701 718 777 786 imo
792 718 829 785 in
846 717 1073 805 quibusdam
1091 716 1182 785 locis
1197 714 1265 802 ipsi
1283 715 1395 782 etiam

164 830 425 910 protestantes
449 844 613 913 quorum
639 826 847 912 baptismus
870 829 936 894 aut
958 825 1097 894 dubius
1121 828 1185 894 aut
1208 822 1396 890 invalidus

163 937 235 1016 est,
268 933 317 1001 ad
346 935 622 1020 quaestionem:
654 936 712 1001 An
740 932 956 1002 calvinistae
984 939 1020 1002 et
1047 931 1230 1001 lutherani
1262 930 1297 997 in
1326 927 1396 996 illis

165 1040 337 1124 partibus
360 1040 555 1127 degentes
585 1058 750 1127 quorum
775 1041 964 1128 baptisma
992 1040 1150 1109 dubium
1179 1043 1244 1109 aut
1267 1054 1398 1123 suspe-

162 1152 268 1215 ctum
293 1151 361 1232 est,
385 1145 554 1216 infideles
578 1147 740 1217 habendi
762 1148 837 1217 sint
859 1150 917 1232 ita,
945 1157 984 1218 ut
1006 1148 1100 1216 inter
1123 1165 1190 1216 eos
1214 1154 1251 1214 et
1273 1142 1399 1213 catho-

165 1254 257 1324 licos
291 1255 515 1341 disparitatis
546 1255 670 1325 cultus
706 1257 1015 1343 impedimentum
1047 1255 1226 1323 dirimens
1260 1252 1396 1321 adesse

162 1364 388 1432 censeaturl
404 1362 508 1431 Faria
520 1365 553 1447 4,
567 1362 625 1432 die
643 1367 684 1431 17
702 1365 919 1432 novembris
936 1366 1034 1443 1830,
1051 1359 1396 1448 incongregatione

161 1470 331 1559 generali
348 1471 385 1541 S,
400 1472 442 1538 R.
453 1470 496 1541 U.
510 1471 760 1559 inquisitionis
776 1474 966 1558 proposito
983 1488 1096 1556 supra
1115 1469 1253 1556 scripto
1270 1466 1395 1548 dubio,

162 1576 359 1650 decretum
384 1587 454 1646 est:
478 1579 515 1662 a)
534 1580 664 1660 Quoad
681 1579 889 1650 haereticos
912 1597 1076 1666 quorum
1093 1587 1218 1648 sectae
1235 1573 1394 1645 Ritualia

163 1686 426 1774 praescribunt
448 1686 683 1757 collationem
707 1687 884 1774 baptismi
914 1689 1059 1775 absque
1083 1684 1297 1755 necessario
1323 1701 1396 1750 usu

163 1797 345 1864 materiae
358 1793 403 1863 'et
426 1793 569 1864 formae
593 1793 809 1878 essentialia,
834 1795 945 1865 dehet
961 1796 1167 1865 examinari
1184 1810 1298 1862 casus
1316 1809 1399 1876 par·

163 1901 340 1972 ticularis.
365 1939 385 1951 -
409 1899 444 1986 bl
468 1903 599 1983 Quoad
625 1901 706 1971 iilos
729 1903 792 1990 qui
817 1906 919 1973 iuxta
944 1922 1078 1973 eorum
1098 1901 1255 1972 Ritualia
1281 1898 1397 1985 bapti·

162 2014 250 2077 zant
274 2008 406 2089 valide,
432 2009 596 2079 validum
614 2008 845 2078 censendum
864 2015 921 2078 est
939 2010 1134 2096 baptisma.
1160 2008 1267 2090 Qriod
1285 2009 1317 2075 si
1333 2006 1397 2074 du·

163 2114 269 2182 bium
295 2115 466 2201 persistat
488 2116 598 2184 etiam
623 2116 657 2182 in
684 2116 940 2203 primocasu,
971 2114 1203 2185 censendum
1229 2118 1285 2184 est
1309 2111 1395 2182 vali·

163 2224 257 2293 dum
291 2224 474 2306 baptisma
514 2225 550 2291 in
581 2225 711 2293 ordine
741 2224 789 2294 ad
823 2224 1045 2295 validitatem
1080 2222 1303 2294 matrimonii
1327 2221 1349 2286 ¹.
1375 2258 1394 2269 -

162 2333 194 2414 e)
211 2329 250 2399 Si
267 2333 396 2398 autem
414 2335 514 2399 certe
530 2339 779 2418 cognoscatur
803 2330 950 2401 nullum
968 2331 1150 2418 baptisma
1177 2349 1226 2399 ex
1241 2346 1397 2398 consue-

164 2436 292 2506 tudine
316 2437 449 2507 actuali
473 2437 569 2507 illius
592 2449 727 2524 sectae,
741 2439 887 2507 nullum
909 2445 965 2508 est
990 2436 1307 2507 matrimonium»
1326 2432 1350 2501 ⁶².

230 2546 263 2613 9.
291 2543 524 2613 Secundam:
550 2546 750 2615 Diversitas
774 2546 961 2632 religionis
985 2547 1078 2615 inter
1094 2545 1308 2630 baptizatos
1326 2561 1395 2611 seu

162 2647 379 2740 impropria
401 2649 523 2721 caritas
539 2651 762 2740 disparitas,
774 2671 865 2722 non
883 2654 1070 2723 constituit
1085 2652 1395 2739 impedimentum

163 2759 346 2829 dirimens
362 2756 385 2826 ⁸.
669 2831 672 2838 ,

229 2868 417 2937 Probatur
440 2868 476 2936 id
500 2888 549 2939 ex
565 2887 610 2938 eo
627 2870 728 2956 quod
746 2869 846 2938 nulla
864 2868 1116 2938 ecclesiastica
1133 2866 1213 2955 lege
1229 2870 1294 2935 aut
1308 2883 1395 2934 con·

162 2963 368 3046 suetudine
385 2976 621 3047 declarentur
645 2977 746 3045 irrita
768 2974 911 3061 mista,
940 2982 980 3045 ut
998 2976 1109 3062 aiunt,
1134 2970 1393 3057 niatrimonia,

164 3083 257 3152 inter
285 3084 488 3153 catholicos
516 3083 652 3153 scilicet
680 3091 715 3152 et
743 3084 951 3154 haereticos
975 3083 1033 3152 vel
1065 3067 1255 3169 apostatas
1284 3081 1398 3168 bapti-

162 3202 277 3259 zatos.
318 3189 438 3259 Immo
469 3209 559 3261 vero
592 3190 628 3259 id
659 3191 759 3261 clare
790 3193 932 3261 eruitur
963 3210 1013 3260 ex
1045 3191 1218 3261 decretali
1254 3188 1396 3258 Bonit-

162 3299 206 3367 cii
233 3298 318 3366 Vlll
346 3295 376 3384 ¹,
412 3299 475 3386 qui
497 3299 632 3383 statuit,
660 3299 851 3384 mulieres,
876 3318 976 3388 quae
999 3300 1158 3369 scienter
1181 3303 1394 3386 nupserunt

163 3404 358 3476 haereticis
381 3406 467 3476 dote
491 3405 696 3492 privandas
719 3424 811 3475 esse*
830 3407 865 3474 in
890 3424 1054 3494 poenam
1078 3406 1197 3476 delicti
1214 3412 1393 3476 ettamen

161 3709 224 3767 erit
238 3708 427 3780 iterandum,
441 3726 460 3767 a
472 3707 608 3769 Concilio
623 3707 805 3768 Tridentino
820 3708 1015 3785 praescripta
1029 3707 1130 3767 forma
1145 3711 1288 3781 servata,
1305 3726 1396 3784 quum

163 3806 311 3882 baptismi
332 3809 560 3865 sacramentum
581 3805 625 3865 sit
647 3805 739 3864 ianua
759 3811 978 3864 ceterorum».

229 3904 239 3942 1
263 3904 297 3963 Si
319 3903 400 3964 forte
424 3903 578 3980 baptisma
599 3903 702 3980 reipsa
734 3903 871 3962 validum
898 3921 956 3962 non
978 3902 1134 3975 extiterit,
1158 3903 1337 3977 dispensare
1364 3903 1397 3962 in

161 4003 218 4063 tali
240 4002 332 4061 dubio
347 4002 488 4061 Ecclesia
508 4005 652 4061 censetur
667 4002 707 4060 ab
728 4000 947 4078 impedimento
962 4001 1159 4078 disparitatis
1180 4000 1293 4072 cultus,
1310 4004 1345 4059 ut
1358 4018 1397 4059 ex

162 4100 217 4158 hoc
239 4099 363 4159 decreto
385 4103 483 4176 patet.

228 4197 328 4258 ³0tr.
352 4196 621 4275 Papp-Szilagyi:
656 4197 878 4255 Enckiridion
914 4200 999 4255 iaris
1021 4194 1190 4256 Ecclesiae
1222 4195 1398 4254 orientalis

161 4296 353 4365 catholicae,
371 4303 459 4371 part.
484 4294 517 4354 2.
541 4295 560 4371 5
587 4294 662 4354 102.

229 4394 301 4455 8Ι).
333 4395 467 4454 Thomas
497 4396 534 4452 ia
566 4393 598 4452 4.
628 4401 711 4452 seat.
736 4394 882 4453 distinet.
909 4392 964 4451 39.
990 4402 1115 4469 palaest.
1144 4392 1173 4452 1.
1205 4400 1267 4450 art.
1297 4391 1325 4450 1.
1354 4392 1398 4449 ad

162 4494 332 4567 quintam,
353 4492 470 4552 citatus
491 4510 510 4550 a
532 4493 699 4552 Benedicta
721 4491 808 4563 XIV,
831 4491 871 4550 de
894 4491 1023 4565 Syaodo
1047 4491 1101 4549 ta.
1121 4487 1151 4548 9.
1169 4491 1241 4566 cap.
1262 4489 1292 4547 3.
1311 4508 1345 4547 a.
1367 4488 1394 4547 1.

230 4590 338 4667 ⁴Oap.
362 4589 506 4649 decrevit
529 4590 581 4649 14.
607 4591 647 4649 de
669 4590 841 4648 haereticis
865 4592 900 4648 ia
927 4589 959 4647 6.
