3509 5317
1741 491 2098 552 -250-

698 650 882 718 pace
930 638 1002 698 et
1046 648 1304 698 amore
1354 648 1545 715 pene
1592 627 1962 713 coniugali
1996 629 2444 698 ducendam.
2497 631 2813 711 Revera,
2861 630 2987 696 vix
3019 629 3165 715 pri-

698 762 870 810 mus
918 734 1315 807 efflui-:erat
1348 737 1631 806 mensis
1668 737 2106 825 melligenae
2142 735 2382 823 lunae,
2418 738 2490 806 et
2520 738 2765 806 statim
2802 737 2991 806 inter
3020 755 3162 805 eos

698 854 942 914 ortum
998 846 1420 914 hahuerunt.
1465 845 1724 931 iurgia,
1776 844 2293 930 contumeliae,
2344 845 2945 933 omnigenaeque
2976 844 3164 913 iniu-

698 954 846 1022 riae
898 974 1138 1038 usque
1186 951 1281 1022 ad
1334 951 1669 1020 verbera.
1742 952 1969 1032 Queis
2016 950 2286 1019 mulier
2333 971 2372 1020 a
2426 953 2586 1020 viro
2650 951 3035 1033 lacessita,
3087 957 3163 1020 et

697 1066 802 1130 vir
866 1062 1223 1146 zelotypia
1295 1064 1729 1146 correptus,
1781 1059 1876 1126 ad
1948 1057 2238 1126 civilem
2303 1063 2742 1144 potestatem
2808 1057 3162 1127 deferunt

690 1170 1219 1254 querimonias,
1270 1167 1404 1234 His
1452 1163 1809 1234 omnibus
1855 1164 2125 1234 additis
2172 1165 2706 1255 monitionibus
2752 1185 2792 1236 a
2847 1166 3158 1253 proprio

686 1294 950 1342 eumn]
1006 1275 1350 1362 pat-oclm,
1402 1273 1678 1343 scilicet
1723 1273 2100 1343 Ecclesiae
2131 1274 2366 1342 sancti
2401 1274 2796 1357 Laurentii,
2830 1272 3158 1343 fraterne

690 1386 918 1458 datis.
970 1386 1090 1470 qui
1146 1386 1451 1469 insuper
1498 1401 1631 1468 per
1676 1400 1762 1450 se
1811 1380 2142 1467 mulieri,
2198 1401 2330 1468 per
2401 1380 2632 1450 alium
2697 1382 2857 1451 viro
2919 1400 3159 1470 grave

686 1494 998 1558 dubium
1070 1490 1414 1559 iniecerat
1482 1489 1576 1558 de
1646 1489 1743 1559 ab
1815 1489 1995 1576 ipsis
2064 1489 2209 1558 initi
2285 1490 2727 1558 matrimonii
2803 1489 3157 1559 firmitate

690 1602 958 1682 (Pnfltffl’.
1010 1598 1054 1666 f.
1094 1602 1221 1683 17],
1271 1595 1545 1666 factum
1598 1601 1710 1667 est
1760 1603 1839 1665 ut
1884 1598 2187 1665 tandem
2251 1602 2420 1682 post
2467 1603 2792 1684 quatuor
2861 1598 3156 1666 circiter

690 1726 994 1774 menses
1046 1726 1082 1774 a
1134 1710 1510 1774 contracto
1560 1703 2073 1790 matrimonia,
2121 1704 2396 1774 scilicet
2457 1704 2574 1774 die
2620 1708 2663 1773 2
2713 1705 3156 1773 novembris

698 1818 886 1896 lat-33,
938 1814 1102 1882 Cain
1158 1811 1537 1899 supplices
1600 1811 2002 1899 episcopali
2067 1812 2329 1881 Curiae
2388 1830 2649 1898 preces
2711 1813 2808 1881 ab
2879 1812 3152 1880 eodem

694 1922 1066 2006 {maledictu
1138 1920 1461 2006 parocho
1531 1925 1884 1990 exaratas
1956 1921 2409 2005 porrexerit;
2481 1920 2759 2007 quibus
2831 1919 3157 1987 breviter

694 2038 1030 2098 enarrata
1086 2026 1250 2095 fricti
1298 2029 1545 2114 specie
1611 2028 1863 2114 quoad
1927 2046 2012 2096 ea
2077 2046 2274 2114 quae
2343 2028 2672 2097 maxime
2729 2027 3158 2097 afficiebant

694 2138 914 2202 liuius
970 2135 1414 2202 matrimonii
1464 2136 1746 2203 nedum
1801 2134 2205 2220 liceitatem‚
2240 2134 2376 2203 sed
2425 2145 2498 2204 et
2543 2133 2994 2222 firmitatem,
3030 2155 3158 2222 po·

690 2242 918 2310 stulat.
966 2250 1042 2308 ut
1090 2242 1182 2310 al]
1229 2240 1346 2310 illa
1396 2240 1612 2310 Curia
1662 2240 2042 2310 relaxetur
2089 2242 2473 2310 decretum
2525 2242 2618 2311 de
2666 2242 2994 2310 nullitate
3032 2244 3156 2310 sui

694 2350 1158 2426 matrimonii*
1211 2355 1462 2436 utpote
1509 2366 1768 2417 coram
1820 2351 2148 2435 parocho
2198 2368 2345 2418 non
2400 2351 2700 2437 proprio
2748 2370 2792 2419 a
2841 2368 2924 2417 se
2972 2367 3154 2418 cum

690 2458 874 2526 Titio
922 2458 1090 2526 initi.
1146 2458 1299 2524 Hoc
1348 2467 1655 2542 accepto
1705 2455 1948 2525 libello
1997 2456 2431 2526 Ordinarius
2499 2456 3155 2526 extraiudicialiter

690 2566 894 2634 audit
942 2578 1098 2634 turn
1150 2566 1397 2634 Gaiam
1450 2570 1607 2632 tum
1655 2565 1945 2650 Titium,
1997 2566 2120 2652 qui
2170 2563 2445 2635 factum
2498 2565 2894 2635 enucleant
2933 2574 3007 2634 et
3051 2562 3157 2633 fu-

690 2674 850 2742 sius
898 2679 1305 2758 exponunt.
1354 2672 1553 2740 Visis
1599 2672 2027 2740 huiusmodi
2081 2671 2706 2759 depositionibuS,
2756 2677 2829 2741 et
2872 2677 3151 2741 attenta

694 2782 1018 2866 principe
1070 2779 1667 2850 cle.*1nd·estinitatis
1716 2781 2042 2865 ratione,
2094 2780 2289 2849 idem
2341 2780 2776 2852 Ordinarius
2846 2780 3154 2848 decreto

690 2890 826 2958 [liei
882 2894 962 2958 12
1014 2888 1446 2955 rimaremur-is
1493 2890 1669 2958 1863
1717 2891 2026 2975 deputat
2071 2890 2389 2958 iudicem
2454 2891 2976 2959 instructorem
3045 2889 3146 2958 ad

690 2997 934 3062 immin
990 3006 1146 3062 acia
1206 2996 1382 3064 iuris
1428 2996 1688 3065 ordine
1734 3005 2033 3065 servato
2087 2979 2510 3084 peragenda
2564 3016 2806 3084 usque
2853 2999 2947 3066 ad
3021 3017 3156 3084 pu·

694 3102 1154 3170 lilicntiassinem
1207 3123 1634 3190 processus,

822 3218 882 3278 ἶ.
940 3210 1170 3278 Porro
1217 3212 1463 3279 omnia
1520 3212 2025 3297 processualia
2078 3218 2241 3281 acta
2308 3215 2440 3281 rite
2502 3213 2716 3297 inita,
2769 3232 3152 3299 suspensa

690 3322 1078 3386 inruerunt
1126 3339 1258 3406 per
1292 3319 1667 3409 integrum
1702 3319 2048 3387 lustrum.
2099 3321 2288 3389 Cum
2321 3320 2519 3387 enirn
2554 3325 2801 3405 testes,
2836 3320 2960 3408 qui
2998 3339 3156 3389 ma-

690 3430 1030 3494 trimunit]
1082 3427 1477 3512 astiterant,
1527 3428 1641 3496 his
1687 3428 1759 3493 in
1811 3427 2168 3495 iudicium
2217 3427 2477 3511 vocati,
2526 3446 2916 3513 nunquam
2951 3444 3156 3495 com-

690 3538 1086 3622 paruerint,
1146 3536 1310 3608 ilinc
1357 3534 1573 3604 Curia
1607 3553 1921 3603 causam
1957 3533 2774 3620 comperendinandam
2809 3553 2977 3603 esse
3018 3534 3154 3603 du·

690 3642 810 3717 xit,
866 3650 934 3706 sal
982 3642 1070 3710 ad
1126 3642 1572 3730 diligentiam
1625 3643 1967 3728 partium,
2020 3642 2284 3729 iugalis
2324 3642 2588 3711 vinculi
2621 3641 3017 3712 defensore
3046 3663 3194 3738 ex·

690 3750 930 3818 milit-is]
1002 3756 1405 3835 annuente,
1458 3751 1758 3818 remisit.
1828 3750 2081 3836 [taque
2134 3751 2260 3819 die
2322 3752 2412 3818 24
2459 3750 2899 3819 novembris
2947 3752 3147 3838 1868,

690 3858 1190 3942 pruseffimnlia
1260 3864 1417 3948 acta
1493 3863 2069 3926 reassumuntur
2134 3858 2528 3927 occasione
2592 3857 2808 3926 libelli
2869 3877 2913 3927 a
2960 3857 3148 3927 Titio

694 3966 1002 4050 iniri-etfti
1042 3966 1307 4042 [Actor.
1334 3962 1452 4032 fol.
1477 3966 1590 4050 24)
1624 3984 1777 4052 quo
1813 3966 2109 4052 petebat
2141 3970 2220 4032 ut
2251 3964 2782 4050 procederetur
2816 3966 2886 4032 in
2912 3983 3150 4035 causa

694 4074 1134 4138 matr-inimiii
1190 4072 1464 4140 iamdiu
1511 4092 1551 4139 a
1603 4074 1772 4142 Caia
1824 4079 2188 4159 promota.
2260 4071 2381 4141 Sic
2427 4091 2469 4141 e
2529 4070 2840 4159 pulvere
2909 4091 3142 4142 causa

690 4178 870 4246 liner:
922 4182 1280 4264 exciti-na,
1336 4180 1846 4265 processualia
1919 4186 2079 4249 acta
2152 4179 2493 4249 alacriter
2539 4197 2629 4248 ac
2677 4179 2809 4248 rite
2873 4179 3148 4248 iterum

690 4298 1150 4370 lii-‹tisfflipiuta
1198 4291 1267 4354 et
1311 4287 1654 4356 absoluta
1703 4287 1936 4355 fuisse
1989 4288 2331 4355 videntur
2378 4286 2473 4354 ad
2521 4305 2870 4355 normam
2921 4287 3151 4357 Bene-

686 4394 998 4462 [lictinae
1050 4394 1598 4464 1231·1nstitut-ionis
1648 4395 1791 4463 Dei
1836 4393 2315 4463 miseratione
2349 4394 2371 4428 ¹
2421 4401 2493 4463 et
2551 4394 3148 4480 sapientissimae

826 4618 834 4650 ¹
890 4618 1014 4674 ι’,,“-ῐ“ι·.υ
1062 4618 1118 4674 in
1172 4616 1512 4692 ¹'appendice
1568 4619 1636 4673 1a
1683 4618 1838 4676 hanc
1872 4618 2189 4677 Benedicti
2235 4619 2382 4678 XIV
2426 4619 2955 4679 constitutionem.
