3509 5317
1738 540 2040 585 -v1-

829 667 1128 740 'serum
1200 665 1619 740 neminem,
1681 664 1917 761 latet,
1986 667 2259 743 omnia
2328 685 2539 763 pene
2618 686 3115 747 evanescere

661 789 1074 867 =·÷lwi:-zliani
1143 788 1691 866 emolumenta
1768 790 2167 887 coniugii,
2226 791 2381 869 nisi
2441 791 2814 870 eiusdem
2891 796 3116 871 sarta

661 923 1029 1014 flatuque
1112 918 1274 994 sint
1342 916 1570 1012 iura,
1632 916 2021 1014 legesque
2076 936 2122 995 a
2182 920 2351 996 Deo
2430 922 2510 997 et
2584 921 2945 1000 Ecclesia
3011 922 3115 1001 de

657 1047 946 1119 fulsit-ln
1006 1041 1215 1119 latae
1272 1040 1657 1136 religiose
1715 1043 2179 1120 serventur.

825 1171 1097 1261 ltaque
1155 1168 1244 1242 ut
1299 1165 1752 1243 amicorum
1793 1166 2315 1262 quorundam
2356 1170 2697 1248 consilio
2758 1174 3117 1269 morige-

665 1315 933 1387 ram-r,
1015 1292 1103 1368 ut
1177 1289 1915 1369 ecclesiasticorum
2001 1294 2496 1389 praesertim
2578 1295 3110 1374 tribunalium

657 1414 1082 1493 multimodo
1141 1414 1588 1511 studerem,
1648 1435 1742 1493 ac
1802 1416 2155 1513 denique
2213 1420 2302 1494 ut
2353 1421 2828 1497 nostrorum
2884 1439 3115 1517 prae-

657 1543 941 1615 wilm
996 1543 1463 1636 temporum
1523 1541 1978 1639 erroribus,
2019 1544 2158 1639 qui
2218 1542 2377 1621 sub
2436 1544 2697 1622 civilis
2757 1548 3112 1643 tegmine

661 1666 1150 1743 nulli-imonii
1209 1669 1288 1742 et
1344 1665 1935 1744 concubinatus
2011 1668 2318 1764 flagitio
2393 1673 2920 1766 grassantur,
2977 1689 3110 1768 ge-

661 1799 987 1871 nuinam
1046 1808 1551 1889 opponerem
1628 1790 2087 1869 doctrinam
2146 1792 2250 1871 de
2317 1794 2771 1890 coniugalis
2827 1795 3107 1874 valore

661 1922 1010 1998 tunderis
1065 1920 1145 1997 in
1206 1920 1623 2017 plerisque
1702 1940 1985 1999 rerum
2062 1922 2508 2021 adiunctis,
2569 1928 2648 2001 et
2704 1927 3112 2021 quatenus

657 2047 866 2119 ire-lud
945 2045 1716 2142 impedimentorum
1788 2045 2113 2142 legibus
2168 2047 2727 2143 gubernatur:
2805 2049 3113 2146 praeci-

657 2191 809 2267 ]um
889 2169 1261 2247 recensui
1349 2169 1868 2248 ecclesiastici
1947 2171 2413 2249 rudimenta
2487 2175 2729 2271 iuris,
2805 2174 3108 2270 quibus

657 2299 1100 2371 niaximum
1141 2294 1578 2395 eiu-smodi
1639 2294 1742 2372 de
1800 2295 2047 2390 iugali
2107 2297 2427 2375 vinculo
2496 2302 2742 2394 caput
2805 2298 3107 2377 clarius

653 2443 829 2515 ιεκμι
853 2421 1230 2515 meretur,
1292 2422 1373 2500 et
1430 2421 1509 2497 in
1569 2438 1826 2497 unum
1884 2420 2215 2499 collecta
2273 2423 2353 2498 in
2413 2426 2803 2519 promptu
2860 2422 3108 2501 babe-

653 2553 937 2623 rentur
993 2562 1206 2641 quae
1262 2544 1367 2623 ad
1425 2545 1848 2623 iudiciales
1907 2565 2114 2642 pene
2179 2547 2707 2643 quotidianas
2767 2549 2871 2628 de
2932 2551 3104 2626 initi

657 2672 1141 2748 nulla-imonii
1202 2669 1482 2748 valore
1547 2654 2074 2768 quaestiones
2131 2673 2286 2749 rite
2324 2674 2796 2777 tractandas
2852 2678 3106 2772 atque

649 2795 1226 2894 :detinendas
1267 2798 1441 2874 sive
1481 2797 1756 2876 divino
1816 2798 1990 2876 sive
2030 2799 2391 2876 humano
2455 2800 2866 2879 Ecclesiae
2927 2802 3109 2879 iure

649 2923 1047 2997 ulnnmnte
1103 2923 1350 3017 atque
1389 2924 1753 3018 cogente,
1814 2924 2223 3001 servanda
2282 2927 2496 3001 sunt.

817 3051 953 3123 llis
1019 3049 1318 3143 autem,
1379 3050 1770 3144 tanquam
1829 3049 2178 3128 traditae
2236 3051 2614 3147 exempla
2682 3052 3104 3130 doctrinae

649 3175 749 3247 ml
817 3172 1270 3267 peculiares
1329 3190 1623 3251 causas
1679 3174 2131 3270 traductae,
2190 3176 2594 3271 quasdam
2673 3176 2939 3255 adieci
2997 3176 3107 3255 di-

653 3298 1192 3391 equlssntiones
1249 3300 1707 3394 canonicaS,
1768 3318 1977 3397 quas
2038 3304 2225 3378 tunc
2282 3301 2757 3380 elucubravi
2808 3322 2999 3380 curn
3058 3322 3105 3381 a

649 3443 881 3499 wrm
945 3424 1273 3502 Concilii
1334 3425 1990 3521 Congregatione
2048 3426 2630 3505 demandatum
2699 3429 2899 3505 mibi
2959 3426 3109 3506 fuit

649 3551 1114 3626 vnnnnlstae
1173 3567 1497 3644 munUS,
1559 3552 1648 3626 ut
1705 3552 1783 3627 in
1843 3551 2346 3647 quibusdam
2403 3553 2505 3631 de
2546 3555 2937 3632 initorum
2979 3554 3107 3632 ssr-

653 3679 925 3747 [nilum
982 3675 1696 3752 matrimoniorum
1766 3678 2431 3774 quaestionibus,
2492 3680 2759 3777 eidem
2818 3698 3105 3758 sacrae

649 3800 1278 3894 t:s=1=,÷.r·l·-13gationi
1346 3800 1425 3877 in
1483 3801 1752 3895 gradu
1812 3802 2380 3898 appellationis
2439 3803 2773 3900 delatis,
2835 3823 3103 3882 meam

657 3926 1498 4003 linimentissimorum
1576 3928 1916 4003 Patrum
1995 3928 2292 4006 iudicio
2366 3930 2851 4006 sententiam
2921 3928 3107 4007 sub-

653 4051 1002 4127 ΠΗἾἹὲ-ΙΠ.
2534 4071 2539 4077 “

813 4190 1077 4263 azanium
1135 4179 1410 4253 autem
1468 4195 1745 4254 meum
1808 4179 1959 4256 boc
2008 4198 2217 4275 opus
2276 4179 2434 4258 sub
2474 4179 2816 4258 alicuius
2876 4198 3107 4275 prae-

649 4307 937 4379 :trnnlls
976 4302 1152 4378 Viri
1211 4303 1602 4397 auspiciis
1661 4303 1911 4381 edere
1969 4304 2383 4403 duxerim,
2426 4323 2589 4401 quo
2648 4306 3103 4384 eorundem

653 4427 1014 4503 *similati
1047 4426 1318 4521 aliqua
1354 4428 1671 4504 ratione
1711 4428 2250 4527 consulerem,
2293 4431 2514 4509 haud
2555 4431 3099 4510 cunctandum

653 4559 841 4627 milli
909 4553 1072 4648 suit,
1117 4553 1203 4629 ut
1245 4555 1443 4649 Tuo,
1494 4554 2159 4631 Eminentissime
2219 4555 2590 4652 Praesul,
2645 4555 3101 4634 clarissimo

653 4679 947 4755 luitwini
1037 4676 1620 4774 inscriberem,
1709 4680 1789 4755 et
1871 4680 2326 4774 patrocinio
2409 4681 3099 4760 commendarem.
