3509 5317
1383 523 1742 582 ...337—

344 682 382 725 «
415 661 873 747 spectionem
922 672 1054 729 aut
1100 660 1322 730 aliam
1387 650 1904 747 probationem
1968 677 2118 727 non
2168 657 2537 727 habentur
2579 659 2785 744 sigim

343 792 381 833 «
417 771 724 858 physice
771 775 969 839 certa
1017 773 1089 836 et
1134 767 1562 854 simpliciter
1608 766 1973 837 evidentia
2025 763 2489 834 excludentia
2553 768 2805 849 potan-

344 897 382 940 «
415 877 615 962 tiam,
648 877 782 945 sed
816 880 1066 945 tamen
1103 872 1527 943 verisimilia
1558 878 1632 943 et
1661 871 2056 943 moraliter
2088 868 2310 959 qnasi
2347 873 2583 954 certa,
2624 876 2793 940 tum

344 1005 382 1046 «
415 983 873 1071 regulariter,
924 988 996 1052 et
1042 980 1179 1049 nisi
1227 981 1682 1051 contrarium
1735 980 1954 1049 iudici
2006 979 2371 1066 expedire.
2412 977 2795 1052 videbitur,

340 1111 382 1154 ‹
416 1088 691 1159 onzisso
750 1087 1099 1158 triennali
1139 1087 1690 1178 experimentO,
1744 1094 1816 1158 et
1863 1089 2262 1157 accedente
2309 1086 2558 1155 solum
2618 1086 2797 1156 iura-

341 1219 380 1260 «
413 1203 670 1267 mento
717 1203 878 1266 tum
926 1197 1334 1285 coniugum
1382 1198 1477 1265 de
1511 1195 1799 1266 defectu
1848 1192 2216 1282 perfectae
2264 1196 2599 1282 copulae,
2637 1204 2789 1264 tun-1

343 1327 381 1370 ‹
412 1294 703 1394 septem
743 1307 1334 1394 propinquorum
1369 1323 1507 1373 seu
1542 1303 1955 1371 vicinorum
2005 1303 2100 1372 de
2133 1302 2584 1388 praestanda
2633 1320 2801 1368 cun-

343 1416 717 1504 «iugibus
762 1412 933 1499 fide,
983 1431 1118 1500 pro
1168 1411 1495 1482 nullitate
1528 1411 1804 1497 pariter
1837 1410 2284 1479 matrimonii
2333 1415 2446 1478 est
2480 1426 2801 1496 pronun?

344 1546 381 1587 «
417 1522 770 1592 ciandum
822 1519 1351 1608 (Reiffenstuel,
1397 1517 1649 1607 Engel,
1685 1518 2043 1603 Sanchez,
2080 1518 2184 1587 La
2218 1517 2458 1601 Croix,
2510 1518 2721 1592 Rota}
2765 1544 2793 1576 z*

339 1631 612 1717 (Coscit
651 1630 763 1698 De
794 1627 1272 1718 separatione
1309 1625 1455 1696 tori
1483 1624 1892 1717 coniayaiis
1925 1624 2042 1694 lib.
2081 1628 2141 1694 1.
2171 1645 2338 1716 cap.
2372 1627 2476 1694 13.
2512 1645 2628 1693 nn.
2657 1632 2801 1692 ffl—

337 1738 488 1824 28).
535 1777 568 1787 -
599 1740 745 1810 Sed
778 1755 1083 1808 omnem
1121 1737 1262 1807 hac
1290 1737 1362 1803 in
1400 1755 1479 1804 re
1511 1733 2072 1822 ambiguitatem
2107 1733 2403 1803 sustulit
2433 1733 2801 1803 Sch'mals-

337 1848 670 1936 grueber
716 1864 887 1915 cum
940 1844 1299 1929 Sanchez,
1350 1844 1712 1928 Gutierez,
1747 1842 2076 1931 Pirhing,
2113 1841 2538 1940 Wiestener,
2592 1840 2801 1908 Reifi:

339 1955 634 2024 enstuel
681 1959 752 2023 et
795 1953 977 2038 aliis,
1027 1952 1590 2022 accuratissima
1640 1951 2121 2036 distinctione,
2168 1949 2539 2019 scribens:
2594 1969 2628 2010 «
2665 1951 2797 2012 'sni

343 2085 381 2126 «
416 2063 755 2132 videlicet
786 2069 1101 2147 uterque
1133 2060 1411 2129 coniux
1444 2058 2064 2145 impedimentum
2112 2054 2397 2140 fatetur,
2434 2054 2551 2122 vel
2602 2075 2801 2123 unns

343 2191 382 2235 ‹
415 2170 669 2238 solum
703 2167 1074 2238 adversus
1107 2167 1665 2236 matrimonium
1700 2165 1799 2233 ob
1831 2147 2342 2252 impotentiam
2370 2162 2801 2251 proclamat,

344 2299 382 2340 «
415 2277 605 2347 alter
657 2295 830 2346 vero
878 2275 1387 2362 impotentiam
1439 2280 1694 2362 negat:
1743 2274 1806 2342 si
1856 2274 2185 2359 primum
2233 2269 2580 2341 audiendi
2628 2280 2801 2340 suni.

345 2406 383 2449 «
419 2383 977 2471 proclamantes
1025 2384 1398 2453 adversus
1470 2381 2026 2451 matrimonium
2099 2396 2582 2468 quocumque
2628 2384 2797 2448 tem-

265 2480 271 2484 ’
343 2512 381 2555 «
416 2511 625 2580 pore,
660 2491 884 2560 etiam
916 2495 1084 2576 post
1116 2489 1396 2574 multos
1428 2506 1691 2574 annOS,
1726 2507 1824 2557 ex
1858 2505 2018 2574 cap.
2035 2485 2588 2576 fraternitatis,
2628 2492 2793 2575 qnia

344 2607 659 2669 «tractu
709 2599 1066 2684 temporis
1123 2597 1683 2667 matrimonium
1755 2597 2043 2665 irritum
2094 2614 2245 2663 non
2290 2592 2669 2664 firmatur:
2741 2596 2797 2660 si

344 2727 382 2770 «
416 2707 865 2792 secundum,
917 2705 1321 2774 videndum
1371 2710 1501 2792 est,
1550 2724 1649 2774 an
1698 2704 2183 2791 proclamatio
2217 2701 2346 2772 fiat
2392 2708 2563 2772 ante
2594 2704 2801 2772 trien-

342 2835 380 2876 «
413 2815 628 2883 nium
678 2813 774 2883 ad
821 2813 1354 2901 experientiam
1426 2813 1795 2899 potentiae
1841 2816 1972 2880 aut
2027 2810 2501 2898 impotentiae
2546 2830 2588 2879 a
2641 2812 2793 2876 ini-a·-

343 2944 380 2985 «
414 2939 908 3007 concessum,
961 2921 1076 2990 vel
1125 2926 1295 3008 post
1363 2919 1574 2990 illud:
1646 2920 1706 2988 si
1760 2925 1927 3006 post
1973 2918 2195 3005 illud,
2244 2917 2616 2988 audienda
2697 2928 2797 2984 vsi

342 3052 379 3093 «
412 3048 598 3118 pars
645 3030 1142 3117 proclamanS,
1192 3029 1411 3097 etiam
1460 3027 2015 3097 contradicente
2059 3027 2312 3112 altera,
2363 3031 2442 3094 ut
2488 3045 2588 3095 ex
2641 3044 2801 3112 cap-

344 3135 927 3226 «fraternitatis
973 3142 1046 3206 et
1090 3134 1215 3204 fin.
1266 3136 1539 3205 citatis:
1611 3135 1675 3203 si
1722 3141 1894 3204 ante
1943 3134 2364 3219 triennium,
2415 3132 2801 3202 subdistin-

344 3264 382 3307 «
414 3244 808 3332 guendum
858 3248 988 3330 est,
1037 3262 1133 3313 an
1181 3242 1668 3330 proclamans
1715 3240 2074 3329 allegatae
2121 3261 2165 3310 a
2214 3259 2297 3309 se
2330 3241 2801 3327 impotentiae

342 3373 384 3416 ‹
415 3353 630 3439 signa
680 3358 902 3437 certa,
951 3357 1081 3421 aut
1125 3351 1389 3420 saltem
1423 3347 1844 3419 verisimilia
1896 3347 2177 3433 afferat,
2212 3367 2307 3416 an
2350 3366 2530 3417 vero
2577 3347 2793 3416 dalaia

344 3480 382 3523 «
416 3459 851 3529 dumtaxat:
921 3460 984 3527 si
1052 3461 1261 3528 certa
1310 3458 1426 3527 vel
1496 3456 1761 3527 saltem
1824 3453 2292 3540 verisimilia,
2347 3456 2567 3524 etiam
2628 3476 2801 3524 asim]

344 3587 382 3630 ‹
419 3565 864 3661 triennalem
912 3564 1466 3655 experientiam
1497 3563 1712 3635 debet
1742 3561 2004 3633 audiri
2017 3583 2050 3647 ;
2098 3565 2163 3631 si
2212 3581 2388 3631 vero
2435 3562 2657 3632 dubia
2697 3584 2745 3628 s·
2769 3592 2801 3620 1·-

345 3696 382 3738 «
418 3675 603 3758 lum,
652 3681 821 3743 ante
869 3674 1266 3742 triennium
1314 3673 1684 3744 audientia
1734 3670 1829 3739 illi
1877 3671 2310 3758 denegatur,
2355 3687 2500 3737 non
2553 3673 2801 3738 tamari

345 3802 383 3845 «
415 3787 589 3869 post
634 3780 837 3851 illam
887 3780 1244 3866 (triennal.
1282 3779 1588 3867 sapen),
1639 3780 1871 3848 immo
1904 3797 2043 3848 nec
2074 3783 2245 3848 ante
2294 3777 2514 3862 illam,
2557 3777 2621 3845 si
2669 3784 2801 3844 ata·-

346 3889 588 3973 «tim,
638 3887 826 3957 idest
872 3895 1041 3975 post
1072 3907 1310 3957 unum
1364 3889 1480 3956 vel
1527 3889 1721 3956 duos
1783 3904 2120 3971 menseS,
2172 3884 2612 3972 proclamet;
2677 3888 2805 3972 ψη

346 4017 384 4060 «
419 3995 799 4084 genuinus
860 4005 974 4065 est
1018 4013 1295 4064 sensus
1341 4014 1503 4081 cap.
1564 3992 1916 4084 accepisti
1961 3993 2246 4062 citati».
2319 3992 2801 4079 (Schmalzgsr,

340 4101 461 4174 lib.
499 4104 566 4170 4.
616 4104 661 4186 g
705 4104 766 4171 3.
820 4100 923 4170 tit.
975 4104 1088 4170 15.
1138 4122 1257 4170 nn.
1312 4102 1561 4189 73-74)
1600 4101 1643 4169 ².
1690 4139 1737 4149 —
1782 4101 2004 4190 Atqui
2052 4102 2124 4169 in
2173 4087 2356 4170 casu
2396 4118 2546 4168 non
2590 4099 2801 4168 haist*-

342 4230 525 4279 mus
577 4229 811 4279 unum
850 4211 1246 4297 coniugem
1285 4210 1896 4297 proclamantem,
1933 4215 2004 4278 et
2035 4208 2353 4279 alterum
2385 4209 2801 4276 int-amalum

344 4323 767 4406 negantem,
809 4335 959 4404 quo
1008 4317 1165 4386 dari
1214 4318 1446 4403 possit
1491 4317 1704 4386 locus
1752 4316 2085 4386 triennali
2137 4314 2657 4402 experientiae.

480 4551 501 4587 ¹
544 4522 776 4609 ‘Recole
840 4553 1046 4609 tamen
1109 4567 1263 4626 quae
1326 4549 1594 4608 diximus
1651 4555 1828 4624 part.
1898 4547 1957 4605 1.
2007 4563 2150 4621 cap.
2203 4545 2265 4606 2.
2316 4552 2441 4602 art.
2500 4519 2685 4602 aaa.
2749 4544 2797 4596 Γ-

344 4657 481 4706 not.
536 4647 596 4708 3.

508 4781 815 4824 Manatum.
845 4781 917 4823 De
945 4782 1365 4832 Impedtmentts.
