3509 5317
1651 538 2010 598 -134--

781 676 853 744 in
906 673 1329 744 Pondieerit‘
1374 673 1897 762 (Pondicher-y)
1947 675 2307 745 vicariatu
2339 680 2566 763 atque
2596 674 2670 743 in
2714 674 3072 744 universa

615 787 771 853 Ora
827 780 1476 870 'Coromandelicm

799 887 1249 975 Calecatiae;

784 997 854 1065 in
907 998 1209 1087 regione
1260 995 1640 1084 Bombay;

782 1105 854 1173 in
904 1104 1250 1193 pluribus
1296 1104 1583 1192 imperii
1634 1101 1958 1173 Sinensth
2008 1104 2441 1191 provincii33

781 1211 855 1279 in
921 1210 1291 1280 Tanehino
1339 1210 1671 1282 orientali
1719 1211 2064 1298 pluribus
2110 1211 2183 1279 in
2222 1211 2401 1280 locis
2431 1210 2764 1298 primum
2796 1209 2930 1280 fuit
2961 1228 3076 1278 ea:

602 1323 828 1407 parte
874 1319 1334 1407 publicatum
1381 1319 1789 1388 Tridentini
1835 1320 2244 1404 decretum,
2311 1337 2587 1407 nempe
2649 1320 2900 1408 quoad
2949 1338 3080 1388 ne-

605 1426 1024 1495 cessitatem
1075 1425 1443 1495 duntaxat
1472 1426 1800 1495 duorum
1837 1434 1968 1495 aut
2004 1426 2229 1495 trium
2261 1427 2585 1511 testium,
2619 1444 2770 1496 non
2815 1432 3079 1495 autem

608 1531 859 1619 quoad
910 1531 1213 1618 parochi
1264 1532 1809 1618 praesentiam3
1858 1567 1904 1581 -
1949 1531 2217 1602 deinde
2270 1552 2446 1602 vero
2497 1533 2640 1601 hoc
2671 1533 2925 1620 ipsum
2956 1531 3084 1600 de·

608 1645 892 1707 cretum
945 1636 1283 1708 absolate
1330 1657 1419 1709 ac
1464 1637 1841 1727 integram
1889 1639 2348 1727 publicatum
2397 1637 2549 1708 fuit.

791 1745 1181 1815 Praeterea
1233 1747 1304 1813 in
1359 1744 1672 1835 Iaponia
1695 1765 1730 1830 ;

791 1852 860 1919 in
916 1850 1248 1921 Batania
1272 1873 1306 1937 ;

793 1960 861 2027 in
919 1958 1278 2049 Georyt'a;

788 2067 861 2134 in
912 2067 1093 2137 locis
1156 2070 1428 2137 Terrae
1479 2067 1802 2136 Sanctae
1852 2068 2300 2155 nuncupatis
2350 2067 2807 2155 publicatum
2856 2069 2972 2135 est
3004 2065 3085 2133 in

615 2172 955 2242 Ecclesiis
1003 2173 1451 2260 latinoram;

795 2281 1166 2368 Smyrnae
1209 2282 1283 2350 in
1333 2280 1622 2351 Natolia
1655 2281 1699 2348 ¹.

794 2392 1094 2458 AchA.

794 2494 1261 2565 Publicatum
1306 2493 1440 2565 fuit
1484 2494 1977 2564 tridentinum
2025 2494 2408 2564 decretum
2505 2516 2512 2523 ·

811 2598 1085 2691 Tripoli
1129 2602 1201 2670 in
1253 2601 1607 2674 Barbaria
1656 2621 1795 2671 seu
1842 2602 2312 2688 Mauritania,
2348 2607 2427 2672 ut
2456 2600 2767 2672 infertur
2798 2619 2896 2669 ex
2930 2619 3085 2670 usu

615 2708 1204 2796 publicationum
1223 2729 1239 2793 ;

803 2815 1028 2885 Iuliae
1087 2818 1500 2887 Caesareae
1547 2835 1682 2886 seu
1736 2815 2021 2907 Alqieri
2065 2819 2117 2884 “·’.

614 3097 841 3155 albana
885 3096 1147 3155 secunda
1187 3112 1289 3154 an.
1328 3094 1479 3152 1871
1525 3094 1868 3168 celebrata,
1915 3103 1978 3155 et
2022 3096 2195 3156 cuius
2238 3112 2381 3172 pars
2426 3112 2652 3172 magna
2697 3094 2811 3167 fui,
2858 3083 2916 3152 id
2952 3094 3085 3153 ela·

614 3194 747 3253 rius
787 3193 1053 3253 edicitur
1082 3200 1254 3268 part.
1289 3191 1353 3251 2.
1388 3209 1532 3267 cap.
1571 3192 1636 3251 5.
1662 3210 1820 3269 pay.
1860 3191 1950 3248 72
1976 3197 2042 3252 et
2079 3210 2196 3269 quo
2239 3192 2315 3251 ad
2358 3192 2771 3269 praesentiam
2824 3192 3080 3268 parochi

615 3297 679 3351 et
720 3291 999 3363 testium,
1046 3295 1111 3351 et
1151 3309 1268 3367 quo
1311 3291 1387 3350 ad
1430 3296 1561 3352 tres
1612 3290 2134 3369 proclamationes
2177 3291 2451 3368 coniugii
2505 3289 2731 3350 foederi
2787 3289 3088 3367 praemit-

616 3389 852 3458 tendas,
888 3389 1087 3449 citata
1129 3390 1318 3449 etiam
1363 3388 1588 3448 ibidem
1632 3388 1847 3449 Const.
1884 3389 2081 3447 Inter
2121 3392 2512 3464 omniyenas
2557 3387 2872 3449 Benedicti
2906 3380 3076 3447 XIV.

753 3489 771 3524 ¹
819 3487 992 3564 Apud
1057 3487 1429 3545 Maronitas
1494 3488 1671 3565 viget
1723 3487 2290 3546 clandestim'tatis
2354 3486 2852 3563 impedimentum
2930 3485 3087 3544 diri-

617 3602 809 3657 mens,
845 3603 958 3643 non
989 3585 1231 3661 quidem
1276 3585 1518 3646 ratione
1559 3585 2000 3663 publicationis
2043 3584 2369 3645 tridentini
2412 3585 2671 3657 decreti,
2704 3585 2809 3643 sed
2840 3585 2905 3641 vi
2931 3600 3089 3659 apo-

617 3684 890 3740 stolicae
933 3683 1444 3757 approbationis,
1488 3684 1550 3742 in
1596 3683 1797 3742 forma
1841 3681 2151 3760 specifica,
2179 3682 2448 3741 omnium
2491 3681 2878 3741 decretorum
2921 3681 3087 3757 Syn-

615 3780 712 3840 odi
757 3781 1162 3858 provincialis
1210 3781 1663 3841 Maronitarum
1707 3781 1770 3839 in
1833 3788 2038 3841 monte
2083 3781 2320 3841 Libano
2363 3779 2716 3841 celebratae
2759 3799 2857 3839 an.
2903 3779 3085 3836 1736

617 3898 772 3954 quae
813 3879 1015 3956 (part.
1052 3879 1118 3938 2.
1155 3898 1210 3938 e.
1256 3878 1356 3938 11.
1393 3879 1433 3954 ἓ
1476 3879 1541 3939 8.
1577 3896 1648 3937 n.
1680 3878 1850 3955 XII)
1897 3879 1990 3939 ita
2032 3880 2183 3956 ipsis
2226 3879 2553 3939 tridentini
2596 3879 2830 3939 decreti
2874 3878 3084 3938 verbis

617 3975 1034 4034 duodecimum
1077 3975 1359 4036 declarat
1403 3964 1906 4052 impedimentum
1971 3976 2306 4036 dirimens:
2355 3996 2391 4036 (ι
2422 3975 2681 4037 Nullum
2724 3982 2821 4038 est
2863 3977 3086 4037 matri-

618 4074 885 4131 monium
929 4072 1404 4145 clandestinum,
1446 4073 1607 4134 idest
1646 4076 1807 4150 quod
1848 4074 2041 4134 aliter
2082 4075 2501 4146 contrahitur,
2533 4093 2716 4151 quam
2760 4080 3082 4153 praesente

616 4171 883 4249 parocho
915 4171 1014 4230 vel
1057 4171 1375 4231 sacerdote
1418 4172 1491 4231 de
1520 4171 1714 4250 ipsius
1755 4172 2012 4249 parochi
2046 4173 2146 4232 vel
2190 4173 2492 4234 ordinarii
2535 4174 2815 4244 licentia,
2848 4178 2912 4234 et
2940 4174 3085 4233 duo-

620 4268 730 4328 bus
774 4269 874 4327 vel
919 4268 1121 4328 tribus
1165 4269 1427 4329 testibus
1457 4289 1513 4328 ».

753 4364 776 4402 ²
823 4364 990 4423 Adde
1032 4375 1097 4425 et
1147 4366 1407 4425 Temeti.
1458 4367 1620 4427 Nam
1678 4369 1745 4428 S.
1782 4367 1850 4427 C.
1906 4369 1979 4428 de
2022 4369 2210 4446 Prop.
2260 4368 2378 4429 fide
2419 4368 2518 4427 die
2563 4367 2654 4425 20
2696 4376 2852 4444 sept.
2905 4365 3083 4424 1763

617 4463 930 4523 decrevit:
981 4483 1016 4521 ⁴<
1049 4464 1413 4523 Publicetur
1457 4465 1772 4525 decretum
1819 4466 1884 4526 S.
1932 4466 2168 4527 Concil.
2216 4467 2389 4526 Trid.
2436 4467 2631 4542 quoad
2684 4466 3082 4527 matrimonia
3157 4537 3172 4546 ἡ

618 4559 1004 4619 clandestina
1050 4562 1109 4618 in
1154 4562 1433 4637 qualibet
1477 4564 1762 4639 paroecia
1811 4563 2055 4623 Tuneti
2094 4568 2160 4625 et
2200 4565 2535 4640 Alyeriae,
2578 4569 2831 4624 servata
2883 4564 3081 4622 forma

619 4659 697 4716 ab
727 4659 932 4716 eodem
979 4658 1225 4718 decreto
1270 4662 1678 4738 praescripta,
1714 4661 1882 4723 facto
1928 4665 2116 4723 verbo
2158 4682 2296 4722 rum
2341 4661 2573 4723 ssffm:
2622 4666 2687 4722 et
2715 4662 2929 4722 deinde
2973 4662 3085 4721 hu-
