3509 5317
1726 491 1966 552 ..364
2009 524 2084 536 ...

813 629 859 711 5
891 630 953 697 1.
1002 627 1384 716 Siquidem
1420 627 1867 699 matrimonii
1900 626 2169 698 foedus
2200 647 2242 697 a
2280 627 2435 697 Deo
2466 626 2902 712 institutum,
2938 626 3149 714 quod

682 740 755 806 et
797 741 1174 824 quatenus
1204 740 1516 807 naturae
1548 735 1877 805 officium
1914 741 2046 821 est,
2080 753 2216 823 pro
2250 733 2687 806 educandae
2736 733 2972 822 prolis
3000 743 3159 804 stu-

682 844 825 931 di0,
873 845 1188 933 aliisque
1233 845 1677 915 matrimonii
1730 845 1950 913 bonis
1980 843 2395 929 servandiS,
2446 847 2897 930 perpetuum
2946 847 3017 911 et
3048 842 3158 909 in-

681 951 1115 1021 dissolubile
1147 971 1333 1022 esse
1365 952 1741 1039 convenit3
1793 959 1868 1021 et
1894 955 2268 1039 quatenus
2299 955 2412 1020 est
2448 948 2857 1019 catholicae
2903 948 3161 1018 Eccle-

682 1060 839 1129 siae
904 1064 1499 1147 sacramentum,
1564 1059 1900 1128 humana
1961 1058 2572 1146 praesumptione
2618 1056 2929 1126 dissolvi
2992 1075 3157 1125 non

685 1182 929 1252 posse,
991 1165 1334 1236 Salvator
1393 1166 1555 1254 ipse
1616 1184 1748 1237 ore
1794 1183 1938 1236 suo
2000 1165 2522 1252 pronunciavit
2567 1164 2859 1234 dicens:
2935 1163 3161 1242 Quod

686 1272 893 1341 Deus
938 1271 1363 1359 eoniunoeit,
1416 1274 1636 1343 homo
1669 1293 1819 1342 non
1849 1277 2156 1362 separet
2163 1293 2198 1359 ;
2243 1273 2339 1344 ad
2388 1292 2638 1343 aures
2662 1273 3163 1360 Apostolatus

683 1381 928 1450 Nostri
978 1382 1333 1469 pervenit,
1398 1383 1469 1450 in
1533 1381 1987 1471 quibusdam
2052 1380 2572 1452 ecclesiasticis
2618 1380 2859 1451 Curiis
2905 1381 3167 1450 incon-

684 1488 877 1558 sulta
941 1490 1163 1558 nimis
1219 1489 1549 1559 iudicum
1595 1487 1933 1559 facilitate
1979 1486 2291 1578 infringi,
2340 1493 2412 1558 et
2457 1494 2741 1558 temere
2784 1491 3009 1575 atque
3057 1487 3169 1554 in·

685 1595 1148 1666 considerate
1208 1597 1305 1666 de
1360 1595 1807 1666 eorumdem
1871 1591 2518 1666 matrimoniorum
2597 1594 2927 1665 nullitate
2985 1595 3166 1664 latis

686 1706 1087 1794 sententiis,
1148 1711 1585 1794 potestatem
1645 1705 2094 1791 coniugibus
2153 1704 2313 1775 fleri
2378 1705 2814 1776 transeundi
2863 1705 2960 1775 ad
3007 1704 3161 1774 alia

690 1819 880 1882 vota.
931 1815 1136 1894 Quos
1169 1833 1354 1884 sane
1384 1813 1849 1901 improvidos
1881 1813 2164 1884 iudices
2212 1814 2594 1884 humanae
2642 1818 2955 1883 naturae
2985 1831 3172 1883 con-

687 1918 959 1989 ditione
1006 1925 1077 1990 et
1123 1938 1306 1991 voce
1353 1920 1519 2008 ipsa
1557 1920 2125 2008 quodammodo
2172 1914 2564 1991 admoneri
2611 1919 3026 2007 oportebat,
3060 1938 3169 1988 ne

688 2029 837 2094 tarn
890 2027 1265 2118 praecipiti
1323 2027 1638 2097 audacia
1702 2032 2048 2097 sanctum
2098 2026 2550 2097 matrimonii
2612 2044 2903 2095 nexum
2948 2023 3160 2095 fran-

687 2139 966 2222 gerent,
1015 2153 1243 2222 quem
1294 2140 1742 2223 perpetuum
1779 2142 2004 2223 atque
2052 2134 2643 2204 indissolubilem
2690 2134 2983 2221 primus
3016 2133 3162 2202 hu-

690 2242 892 2312 mani
924 2243 1221 2329 generis
1263 2261 1544 2330 parens
1577 2243 2056 2331 praemonuit
2084 2242 2460 2330 inquiens:
2494 2243 2658 2311 Hoc
2697 2259 2896 2311 nunc
2924 2260 3010 2310 os
3042 2260 3163 2311 εει)

689 2346 982 2417 ossibus
1028 2347 1238 2435 meis,
1293 2354 1367 2420 et
1410 2368 1594 2419 caro
1624 2349 1717 2419 de
1765 2367 1996 2419 earne
2042 2367 2239 2434 mea,
2294 2353 2366 2418 et
2409 2348 2588 2419 illud
2636 2347 2975 2418 additum
3009 2354 3162 2418 est:

697 2453 1198 2532 Quamobrem
1243 2455 1615 2545 relinquet
1664 2457 1889 2526 homo
1925 2462 2231 2545 patrem
2263 2475 2513 2543 suam,
2567 2460 2640 2524 et
2685 2460 3042 2539 matrem,
3083 2460 3167 2524 et

689 2559 1127 2631 adhaerebit
1176 2561 1415 2632 umori
1461 2582 1674 2650 suae,
1727 2569 1802 2633 et
1845 2569 2071 2634 erunt
2115 2563 2269 2633 duo
2317 2562 2392 2631 in
2439 2581 2670 2632 carne
2719 2580 2895 2630 una.

823 2669 869 2751 5
910 2671 975 2737 2.
1027 2669 1473 2739 Huiusmodi
1540 2675 1795 2739 autem
1846 2670 2267 2740 abolendae
2331 2668 2713 2756 pravitatis
2759 2667 3007 2737 notitia
3065 2666 3174 2734 di-

592 2808 595 2812 ·
693 2774 933 2844 versis
978 2794 1078 2844 ex
1135 2777 1473 2864 partibus
1519 2777 1750 2847 Nobis
1798 2777 2041 2848 delata
2101 2780 2232 2864 est,
2294 2781 2517 2864 atque
2565 2776 2787 2846 etiam
2840 2775 3167 2847 indicata

691 2887 870 2950 sunt
913 2885 1265 2972 exempla
1314 2887 1852 2956 nonnullorum
1903 2886 2264 2972 virorum,
2315 2886 2443 2972 qui
2492 2889 2661 2972 post
2707 2885 3034 2973 primam
3087 2891 3164 2953 et

693 2990 1107 3060 secundam
1156 3011 1247 3062 ac
1278 2994 1589 3080 tertiam,
1639 3012 1875 3082 quam
1912 2993 2308 3078 duxerant,
2343 3010 2668 3062 uxorem
2699 2992 2798 3060 ob
2846 2992 3163 3060 nimiam

694 3097 1022 3167 iudicum
1069 3101 1697 3188 praecipitantiam
1745 3103 1820 3170 in
1854 3101 2183 3170 nullitate
2211 3100 2887 3183 ‚matrimoniorum
2924 3098 3171 3168 decla-

695 3206 952 3292 randa,
1001 3206 1251 3277 adhuc
1298 3208 1436 3277 illis
1484 3210 1743 3297 primis
1795 3209 2161 3278 uxoribus
2207 3206 2748 3295 superstitibuS,
2800 3208 2897 3277 ad
2947 3227 3171 3296 quar·

694 3318 810 3382 tas
856 3314 1407 3409 contrahendas
1465 3317 1767 3404 nuptias
1826 3317 2312 3386 devenerant:
2360 3321 2429 3385 et
2476 3314 2811 3384 similiter
2855 3313 3169 3384 femina-

695 3440 889 3507 rum,
938 3441 1133 3511 quae
1194 3429 1366 3512 post
1420 3425 1774 3511 primum,
1828 3423 2249 3494 secundum
2302 3428 2373 3492 et
2433 3422 2730 3491 tertium
2778 3423 3161 3508 maritum,

695 3532 961 3615 quarto
1017 3530 1260 3615 etiam,
1311 3529 1447 3599 illis
1508 3548 1812 3618 quoque
1875 3529 2327 3614 viventibuS,
2389 3547 2474 3598 se
2535 3529 2959 3613 iunxerant,
3011 3544 3164 3596 non

695 3636 856 3705 sine
890 3636 1333 3723 pusillorum
1365 3639 1744 3726 scandalO,
1773 3647 1843 3709 et
1864 3639 2235 3707 bonorum
2278 3636 2619 3706 omniurn
2652 3635 3162 3722 detestatione,

697 3745 823 3832 qui
872 3763 1086 3815 sacra
1138 3745 1587 3815 matrimonii
1620 3746 1922 3815 vincula
1966 3747 2059 3814 ita
2109 3744 2506 3828 contemni,
2553 3746 2629 3812 et
2673 3746 2957 3811 temere
3000 3760 3163 3828 per·

696 3849 912 3939 fringi
959 3850 1329 3923 dolebant.
1376 3855 1534 3923 Nos
1581 3859 1860 3939 autem,
1897 3854 2011 3922 his
2055 3853 2455 3940 intellectis,
2508 3851 2721 3941 gravi
2765 3849 3010 3921 affecti
3044 3851 3172 3920 do-

700 3958 874 4044 lore,
934 3959 1189 4029 intimo
1252 3961 1504 4030 animo
1573 3961 2125 4049 ingemuimus,
2175 3966 2247 4030 et
2293 3978 2443 4028 non
2514 3957 3173 4047 praetermisimus

700 4066 1149 4153 apostolicae
1210 4076 1509 4138 nostrae
1578 4067 2088 4139 sollicitudinis
2135 4074 2390 4156 partes
2451 4067 2522 4135 in
2573 4065 2892 4134 Domino
2936 4063 3174 4135 adim·

698 4173 924 4261 plere.
973 4174 1353 4262 Siquidem
1405 4177 1649 4263 primo
1684 4175 2164 4246 pontificatus
2213 4176 2445 4245 nostri
2477 4192 2677 4243 anno
2723 4173 2819 4243 ad
2868 4172 3173 4260 Episco-

699 4301 841 4369 pos
885 4281 1182 4351 illarum
1238 4284 1583 4371 partium,
1634 4284 1706 4351 in
1755 4284 2034 4372 quibus
2096 4283 2477 4371 praedicta
2525 4281 2968 4367 acciderant,
3019 4281 3174 4368 ple·

698 4387 1030 4467 nissimis
1075 4388 1264 4458 datis
1325 4389 1569 4477 literis,
1619 4392 1947 4480 graviter
2011 4389 2399 4478 conquesti
2444 4406 2720 4458 sumus
2768 4387 2864 4456 de
2911 4387 3172 4456 huius-

700 4495 902 4565 modi
934 4496 1313 4585 pravitate,
1348 4517 1545 4585 quae
1577 4500 1647 4567 in
1682 4498 2011 4570 Ecclesia
2059 4499 2190 4567 Dei
2223 4498 2697 4582 tolerabatur,
2746 4501 2820 4566 et
2861 4495 2959 4565 ad
2989 4513 3168 4567 eam

700 4603 1148 4672 abolendam
1213 4622 1480 4674 eorum
1529 4606 1829 4675 animos
1888 4605 2217 4691 erigere,
2265 4611 2338 4672 et
2393 4600 2847 4689 pastoralem
2909 4600 3164 4671 zelum
