<?xml version="1.0" encoding="UTF-8"?>
<!DOCTYPE html PUBLIC "-//W3C//DTD XHTML 1.0 Transitional//EN"
    "http://www.w3.org/TR/xhtml1/DTD/xhtml1-transitional.dtd">
<html xmlns="http://www.w3.org/1999/xhtml" xml:lang="en" lang="en">
 <head>
  <title>
</title>
<meta http-equiv="Content-Type" content="text/html;charset=utf-8" />
  <meta name='ocr-system' content='tesseract 3.04.00' />
  <meta name='ocr-capabilities' content='ocr_page ocr_carea ocr_par ocr_line ocrx_word'/>
</head>
<body>
  <div class='ocr_page' id='page_1' title='image "./decausismatrimo00mansgoog_0088.png"; bbox 0 0 3509 5317; ppageno 0'>
   <div class='ocr_carea' id='block_1_1' title="bbox 1766 480 2076 538">
    <p class='ocr_par' dir='ltr' id='par_1_1' title="bbox 1766 480 2076 538">
     <span class='ocr_line' id='line_1_1' title="bbox 1766 480 2076 538; baseline -0.01 -13"><span class='ocrx_word' id='word_1_1' title='bbox 1766 480 2076 538; x_wconf 80' lang='lat'>..74-</span> 
     </span>
    </p>
   </div>
   <div class='ocr_carea' id='block_1_2' title="bbox 677 612 3159 2081">
    <p class='ocr_par' dir='ltr' id='par_1_2' title="bbox 677 612 3159 2081">
     <span class='ocr_line' id='line_1_2' title="bbox 677 612 3159 710; baseline -0.004 -19"><span class='ocrx_word' id='word_1_2' title='bbox 677 620 1100 692; x_wconf 45' lang='lat' dir='ltr'>structionis</span> <span class='ocrx_word' id='word_1_3' title='bbox 1147 621 1287 690; x_wconf 89' lang='lat' dir='ltr'>diei</span> <span class='ocrx_word' id='word_1_4' title='bbox 1336 623 1422 689; x_wconf 90' lang='lat'>15</span> <span class='ocrx_word' id='word_1_5' title='bbox 1454 640 1632 709; x_wconf 79' lang='lat' dir='ltr'>nov.</span> <span class='ocrx_word' id='word_1_6' title='bbox 1662 620 1838 688; x_wconf 89' lang='lat'>1858</span> <span class='ocrx_word' id='word_1_7' title='bbox 1886 618 2097 710; x_wconf 82' lang='lat' dir='ltr'>iussu</span> <span class='ocrx_word' id='word_1_8' title='bbox 2149 616 2252 684; x_wconf 89' lang='lat' dir='ltr'>Pii</span> <span class='ocrx_word' id='word_1_9' title='bbox 2289 616 2394 684; x_wconf 84' lang='lat' dir='ltr'>IX</span> <span class='ocrx_word' id='word_1_10' title='bbox 2441 615 2534 685; x_wconf 91' lang='lat' dir='ltr'>ad</span> <span class='ocrx_word' id='word_1_11' title='bbox 2579 632 2849 684; x_wconf 87' lang='lat' dir='ltr'>omnes</span> <span class='ocrx_word' id='word_1_12' title='bbox 2897 612 3159 683; x_wconf 82' lang='lat' dir='ltr'>sacro’</span> 
     </span>
     <span class='ocr_line' id='line_1_3' title="bbox 681 720 3142 799; baseline -0.002 -4"><span class='ocrx_word' id='word_1_13' title='bbox 681 748 845 799; x_wconf 74' lang='lat' dir='ltr'>rum</span> <span class='ocrx_word' id='word_1_14' title='bbox 882 727 1256 798; x_wconf 80' lang='lat' dir='ltr'>Antistites</span> <span class='ocrx_word' id='word_1_15' title='bbox 1303 726 1398 797; x_wconf 93' lang='lat' dir='ltr'>de</span> <span class='ocrx_word' id='word_1_16' title='bbox 1447 728 1696 797; x_wconf 80' lang='lat' dir='ltr'>mixtis</span> <span class='ocrx_word' id='word_1_17' title='bbox 1747 722 2239 794; x_wconf 74' lang='lat' dir='ltr'>matrimoniis</span> <span class='ocrx_word' id='word_1_18' title='bbox 2286 723 2525 792; x_wconf 88' lang='lat' dir='ltr'>datae.</span> <span class='ocrx_word' id='word_1_19' title='bbox 2577 722 2778 791; x_wconf 91' lang='lat' dir='ltr'>Haec</span> <span class='ocrx_word' id='word_1_20' title='bbox 2811 723 3013 790; x_wconf 90' lang='lat' dir='ltr'>enim</span> <span class='ocrx_word' id='word_1_21' title='bbox 3050 720 3142 790; x_wconf 93' lang='lat' dir='ltr'>de</span> 
     </span>
     <span class='ocr_line' id='line_1_4' title="bbox 681 827 3144 921; baseline -0.003 -18"><span class='ocrx_word' id='word_1_22' title='bbox 681 839 819 905; x_wconf 74' lang='lat' dir='ltr'>linc</span> <span class='ocrx_word' id='word_1_23' title='bbox 865 839 1308 921; x_wconf 80' lang='lat' dir='ltr'>argumento</span> <span class='ocrx_word' id='word_1_24' title='bbox 1343 835 1413 901; x_wconf 94' lang='lat' dir='ltr'>in</span> <span class='ocrx_word' id='word_1_25' title='bbox 1448 852 1537 904; x_wconf 94' lang='lat' dir='ltr'>ea</span> <span class='ocrx_word' id='word_1_26' title='bbox 1570 835 1976 903; x_wconf 86' lang='lat' dir='ltr'>habentur:</span> <span class='ocrx_word' id='word_1_27' title='bbox 2029 851 2066 893; x_wconf 78' lang='grc'><strong>«</strong></span> <span class='ocrx_word' id='word_1_28' title='bbox 2094 830 2307 911; x_wconf 84' lang='lat' dir='ltr'>Quod</span> <span class='ocrx_word' id='word_1_29' title='bbox 2343 829 2405 897; x_wconf 88' lang='lat' dir='ltr'>si</span> <span class='ocrx_word' id='word_1_30' title='bbox 2441 828 2511 895; x_wconf 92' lang='lat' dir='ltr'>in</span> <span class='ocrx_word' id='word_1_31' title='bbox 2546 828 2922 915; x_wconf 77' lang='lat' dir='ltr'>aliquibus</span> <span class='ocrx_word' id='word_1_32' title='bbox 2964 827 3144 896; x_wconf 87' lang='lat' dir='ltr'>locis</span> 
     </span>
     <span class='ocr_line' id='line_1_5' title="bbox 677 933 3143 1029; baseline -0.001 -26"><span class='ocrx_word' id='word_1_33' title='bbox 677 942 863 1011; x_wconf 53' lang='lat' dir='ltr'>sacri</span> <span class='ocrx_word' id='word_1_34' title='bbox 937 940 1310 1010; x_wconf 83' lang='lat' dir='ltr'>Antistites</span> <span class='ocrx_word' id='word_1_35' title='bbox 1367 941 1874 1029; x_wconf 79' lang='lat' dir='ltr'>cognoverint,</span> <span class='ocrx_word' id='word_1_36' title='bbox 1926 937 2235 1008; x_wconf 91' lang='lat' dir='ltr'>easdem</span> <span class='ocrx_word' id='word_1_37' title='bbox 2314 935 2776 1005; x_wconf 89' lang='lat' dir='ltr'>conditiones</span> <span class='ocrx_word' id='word_1_38' title='bbox 2855 933 3143 1021; x_wconf 87' lang='lat' dir='ltr'>impleri</span> 
     </span>
     <span class='ocr_line' id='line_1_6' title="bbox 681 1039 3133 1137; baseline -0.002 -23"><span class='ocrx_word' id='word_1_39' title='bbox 681 1051 769 1115; x_wconf 75' lang='lat' dir='ltr'>lin</span> <span class='ocrx_word' id='word_1_40' title='bbox 785 1049 876 1117; x_wconf 92' lang='lat' dir='ltr'>ud</span> <span class='ocrx_word' id='word_1_41' title='bbox 906 1049 1346 1136; x_wconf 88' lang='lat' dir='ltr'>posse,quin</span> <span class='ocrx_word' id='word_1_42' title='bbox 1367 1048 1734 1137; x_wconf 64' lang='lat' dir='ltr'>grauiora</span> <span class='ocrx_word' id='word_1_43' title='bbox 1766 1044 2045 1115; x_wconf 69' lang='lat' dir='ltr'>exinde</span> <span class='ocrx_word' id='word_1_44' title='bbox 2071 1044 2421 1114; x_wconf 68' lang='lat' dir='ltr'>oriantur</span> <span class='ocrx_word' id='word_1_45' title='bbox 2451 1042 2739 1111; x_wconf 83' lang='lat' dir='ltr'>damna</span> <span class='ocrx_word' id='word_1_46' title='bbox 2770 1061 2865 1110; x_wconf 76' lang='lat' dir='ltr'>ac</span> <span class='ocrx_word' id='word_1_47' title='bbox 2886 1039 3133 1125; x_wconf 78' lang='lat' dir='ltr'>mala,-</span> 
     </span>
     <span class='ocr_line' id='line_1_7' title="bbox 681 1147 3141 1226; baseline -0.002 -3"><span class='ocrx_word' id='word_1_48' title='bbox 681 1163 745 1223; x_wconf 75' lang='grc' dir='ltr'>ἰη</span> <span class='ocrx_word' id='word_1_49' title='bbox 799 1158 943 1225; x_wconf 85' lang='lat' dir='ltr'>hoc</span> <span class='ocrx_word' id='word_1_50' title='bbox 987 1175 1170 1225; x_wconf 89' lang='lat' dir='ltr'>casu</span> <span class='ocrx_word' id='word_1_51' title='bbox 1240 1162 1530 1225; x_wconf 88' lang='lat' dir='ltr'>tantum</span> <span class='ocrx_word' id='word_1_52' title='bbox 1579 1156 1948 1226; x_wconf 81' lang='lat' dir='ltr'>Sanctitas</span> <span class='ocrx_word' id='word_1_53' title='bbox 1993 1154 2152 1222; x_wconf 88' lang='lat' dir='ltr'>Sua</span> <span class='ocrx_word' id='word_1_54' title='bbox 2197 1151 2301 1221; x_wconf 84' lang='lat' dir='ltr'>ad</span> <span class='ocrx_word' id='word_1_55' title='bbox 2346 1147 2776 1220; x_wconf 73' lang='lat' dir='ltr'>huiusmodi</span> <span class='ocrx_word' id='word_1_56' title='bbox 2840 1148 3141 1217; x_wconf 76' lang='lat' dir='ltr'>maiora</span> 
     </span>
     <span class='ocr_line' id='line_1_8' title="bbox 681 1256 3139 1349; baseline -0.003 -18"><span class='ocrx_word' id='word_1_57' title='bbox 681 1267 962 1332; x_wconf 57' lang='lat' dir='ltr'>flamna</span> <span class='ocrx_word' id='word_1_58' title='bbox 1007 1283 1101 1332; x_wconf 81' lang='lat' dir='ltr'>ac</span> <span class='ocrx_word' id='word_1_59' title='bbox 1146 1262 1354 1331; x_wconf 78' lang='lat' dir='ltr'>mala</span> <span class='ocrx_word' id='word_1_60' title='bbox 1403 1260 1717 1332; x_wconf 77' lang='lat' dir='ltr'>citanda</span> <span class='ocrx_word' id='word_1_61' title='bbox 1752 1262 1796 1347; x_wconf 80' lang='lat'>¹,</span> <span class='ocrx_word' id='word_1_62' title='bbox 1849 1261 2190 1349; x_wconf 87' lang='lat' dir='ltr'>prudenti</span> <span class='ocrx_word' id='word_1_63' title='bbox 2238 1258 2684 1329; x_wconf 87' lang='lat' dir='ltr'>eorumdem</span> <span class='ocrx_word' id='word_1_64' title='bbox 2730 1256 3139 1327; x_wconf 80' lang='lat' dir='ltr'>Sacrorum</span> 
     </span>
     <span class='ocr_line' id='line_1_9' title="bbox 685 1365 3153 1455; baseline -0.003 -16"><span class='ocrx_word' id='word_1_65' title='bbox 685 1372 1101 1441; x_wconf 44' lang='lat' dir='ltr'>antistitum</span> <span class='ocrx_word' id='word_1_66' title='bbox 1153 1371 1456 1440; x_wconf 90' lang='lat' dir='ltr'>arbitrio</span> <span class='ocrx_word' id='word_1_67' title='bbox 1488 1371 1896 1455; x_wconf 78' lang='lat' dir='ltr'>committit,</span> <span class='ocrx_word' id='word_1_68' title='bbox 1937 1375 2013 1438; x_wconf 90' lang='lat' dir='ltr'>ut</span> <span class='ocrx_word' id='word_1_69' title='bbox 2044 1370 2204 1455; x_wconf 90' lang='lat' dir='ltr'>ipsi,</span> <span class='ocrx_word' id='word_1_70' title='bbox 2250 1369 2480 1437; x_wconf 87' lang='lat' dir='ltr'>salvis</span> <span class='ocrx_word' id='word_1_71' title='bbox 2528 1365 2920 1453; x_wconf 78' lang='lat' dir='ltr'>firmisque</span> <span class='ocrx_word' id='word_1_72' title='bbox 2960 1384 3153 1435; x_wconf 91' lang='lat' dir='ltr'>sem-</span> 
     </span>
     <span class='ocr_line' id='line_1_10' title="bbox 681 1469 3153 1565; baseline 0 -26"><span class='ocrx_word' id='word_1_73' title='bbox 681 1497 810 1563; x_wconf 58' lang='lat' dir='ltr'>per</span> <span class='ocrx_word' id='word_1_74' title='bbox 857 1496 947 1547; x_wconf 91' lang='lat' dir='ltr'>ac</span> <span class='ocrx_word' id='word_1_75' title='bbox 994 1477 1381 1565; x_wconf 84' lang='lat' dir='ltr'>diligenter</span> <span class='ocrx_word' id='word_1_76' title='bbox 1428 1477 1750 1545; x_wconf 89' lang='lat' dir='ltr'>servatis</span> <span class='ocrx_word' id='word_1_77' title='bbox 1801 1474 2276 1544; x_wconf 80' lang='lat' dir='ltr'>cautionibus</span> <span class='ocrx_word' id='word_1_78' title='bbox 2342 1471 2437 1541; x_wconf 85' lang='lat' dir='ltr'>de</span> <span class='ocrx_word' id='word_1_79' title='bbox 2478 1469 2988 1561; x_wconf 69' lang='lat' dir='ltr'>perversionis</span> <span class='ocrx_word' id='word_1_80' title='bbox 3033 1489 3153 1559; x_wconf 76' lang='lat' dir='ltr'>pe-</span> 
     </span>
     <span class='ocr_line' id='line_1_11' title="bbox 689 1576 3155 1670; baseline -0.001 -23"><span class='ocrx_word' id='word_1_81' title='bbox 689 1583 917 1652; x_wconf 60' lang='lat' dir='ltr'>m&#39;mclo</span> <span class='ocrx_word' id='word_1_82' title='bbox 964 1582 1383 1652; x_wconf 78' lang='lat' dir='ltr'>amovendo</span> <span class='ocrx_word' id='word_1_83' title='bbox 1430 1602 1481 1651; x_wconf 86' lang='grc' dir='ltr'><em>α</em></span> <span class='ocrx_word' id='word_1_84' title='bbox 1527 1581 1836 1670; x_wconf 58' lang='lat' dir='ltr'>coniuge</span> <span class='ocrx_word' id='word_1_85' title='bbox 1881 1579 2266 1665; x_wconf 80' lang='lat' dir='ltr'>catholice,</span> <span class='ocrx_word' id='word_1_86' title='bbox 2315 1578 2409 1648; x_wconf 84' lang='lat' dir='ltr'>de</span> <span class='ocrx_word' id='word_1_87' title='bbox 2455 1576 2939 1647; x_wconf 68' lang='lat' dir='ltr'>conversione</span> <span class='ocrx_word' id='word_1_88' title='bbox 2985 1596 3155 1647; x_wconf 81' lang='lat' dir='ltr'>aca-</span> 
     </span>
     <span class='ocr_line' id='line_1_12' title="bbox 689 1683 3151 1777; baseline -0.002 -22"><span class='ocrx_word' id='word_1_89' title='bbox 689 1688 932 1758; x_wconf 57' lang='lat' dir='ltr'>simlia·</span> <span class='ocrx_word' id='word_1_90' title='bbox 974 1688 1302 1777; x_wconf 61' lang='lat' dir='ltr'>coniugis</span> <span class='ocrx_word' id='word_1_91' title='bbox 1350 1687 1446 1756; x_wconf 78' lang='lat' dir='ltr'>ab</span> <span class='ocrx_word' id='word_1_92' title='bbox 1495 1687 1657 1777; x_wconf 80' lang='lat' dir='ltr'>ipso</span> <span class='ocrx_word' id='word_1_93' title='bbox 1703 1685 2012 1777; x_wconf 64' lang='lat' dir='ltr'>coniuge</span> <span class='ocrx_word' id='word_1_94' title='bbox 2059 1684 2422 1756; x_wconf 78' lang='lat' dir='ltr'>catholico</span> <span class='ocrx_word' id='word_1_95' title='bbox 2467 1705 2612 1774; x_wconf 77' lang='lat' dir='ltr'>pro</span> <span class='ocrx_word' id='word_1_96' title='bbox 2654 1683 2933 1754; x_wconf 73' lang='lat' dir='ltr'>viribus</span> <span class='ocrx_word' id='word_1_97' title='bbox 2979 1700 3151 1773; x_wconf 68' lang='lat' dir='ltr'>pro-</span> 
     </span>
     <span class='ocr_line' id='line_1_13' title="bbox 689 1790 3157 1884; baseline -0.001 -25"><span class='ocrx_word' id='word_1_98' title='bbox 689 1795 1060 1881; x_wconf 63' lang='lat' dir='ltr'>fflranda,</span> <span class='ocrx_word' id='word_1_99' title='bbox 1116 1795 1353 1884; x_wconf 77' lang='lat' dir='ltr'>deque</span> <span class='ocrx_word' id='word_1_100' title='bbox 1404 1793 1760 1863; x_wconf 76' lang='lat' dir='ltr'>uniuersa</span> <span class='ocrx_word' id='word_1_101' title='bbox 1807 1794 2200 1882; x_wconf 69' lang='lat' dir='ltr'>aeriasque</span> <span class='ocrx_word' id='word_1_102' title='bbox 2232 1813 2475 1863; x_wconf 66' lang='lat' dir='ltr'>semus</span> <span class='ocrx_word' id='word_1_103' title='bbox 2519 1792 2734 1881; x_wconf 75' lang='lat' dir='ltr'>prole</span> <span class='ocrx_word' id='word_1_104' title='bbox 2782 1790 2859 1860; x_wconf 83' lang='lat' dir='ltr'>in</span> <span class='ocrx_word' id='word_1_105' title='bbox 2889 1790 3157 1861; x_wconf 76' lang='lat' dir='ltr'>sancti·</span> 
     </span>
     <span class='ocr_line' id='line_1_14' title="bbox 689 1899 3146 1992; baseline 0 -25"><span class='ocrx_word' id='word_1_106' title='bbox 689 1911 837 1973; x_wconf 63' lang='lat' dir='ltr'>mie</span> <span class='ocrx_word' id='word_1_107' title='bbox 860 1902 1270 1973; x_wconf 78' lang='lat' dir='ltr'>catholicae</span> <span class='ocrx_word' id='word_1_108' title='bbox 1294 1902 1666 1992; x_wconf 73' lang='lat' dir='ltr'>reliffl&#39;onis</span> <span class='ocrx_word' id='word_1_109' title='bbox 1691 1902 1994 1971; x_wconf 83' lang='lat' dir='ltr'>omnino</span> <span class='ocrx_word' id='word_1_110' title='bbox 2017 1901 2443 1986; x_wconf 75' lang='lat' dir='ltr'>educanda,</span> <span class='ocrx_word' id='word_1_111' title='bbox 2468 1900 2811 1987; x_wconf 89' lang='lat' dir='ltr'>iudicent,</span> <span class='ocrx_word' id='word_1_112' title='bbox 2841 1899 3146 1988; x_wconf 91' lang='lat' dir='ltr'>quando</span> 
     </span>
     <span class='ocr_line' id='line_1_15' title="bbox 685 2006 3155 2081; baseline 0 -8"><span class='ocrx_word' id='word_1_113' title='bbox 685 2016 1321 2081; x_wconf 71' lang='lat' dir='ltr'>·=nm1·nemoratae</span> <span class='ocrx_word' id='word_1_114' title='bbox 1370 2010 1830 2079; x_wconf 90' lang='lat' dir='ltr'>conditiones</span> <span class='ocrx_word' id='word_1_115' title='bbox 1892 2011 1986 2078; x_wconf 90' lang='lat' dir='ltr'>de</span> <span class='ocrx_word' id='word_1_116' title='bbox 2033 2008 2561 2078; x_wconf 75' lang='lat' dir='ltr'>contrahendis</span> <span class='ocrx_word' id='word_1_117' title='bbox 2629 2008 2883 2077; x_wconf 88' lang='lat' dir='ltr'>mixtis</span> <span class='ocrx_word' id='word_1_118' title='bbox 2939 2006 3155 2074; x_wconf 88' lang='lat' dir='ltr'>hisce</span> 
     </span>
    </p>
   </div>
   <div class='ocr_carea' id='block_1_3' title="bbox 689 2247 3156 4680">
    <p class='ocr_par' dir='ltr' id='par_1_3' title="bbox 689 2247 3156 4680">
     <span class='ocr_line' id='line_1_16' title="bbox 822 2247 3154 2325; baseline -0 -17"><span class='ocrx_word' id='word_1_119' title='bbox 822 2249 840 2284; x_wconf 81' lang='lat'>¹</span> <span class='ocrx_word' id='word_1_120' title='bbox 887 2248 1035 2308; x_wconf 87' lang='lat' dir='ltr'>Cum</span> <span class='ocrx_word' id='word_1_121' title='bbox 1080 2247 1371 2307; x_wconf 87' lang='lat' dir='ltr'>Vicarius</span> <span class='ocrx_word' id='word_1_122' title='bbox 1414 2248 1790 2325; x_wconf 84' lang='lat' dir='ltr'>apostolicus</span> <span class='ocrx_word' id='word_1_123' title='bbox 1840 2248 2146 2325; x_wconf 82' lang='lat' dir='ltr'>Maysurii</span> <span class='ocrx_word' id='word_1_124' title='bbox 2191 2248 2375 2307; x_wconf 87' lang='lat' dir='ltr'>dubia</span> <span class='ocrx_word' id='word_1_125' title='bbox 2423 2248 2722 2324; x_wconf 78' lang='lat' dir='ltr'>quaedam</span> <span class='ocrx_word' id='word_1_126' title='bbox 2765 2248 3154 2325; x_wconf 87' lang='lat' dir='ltr'>proposuerit</span> 
     </span>
     <span class='ocr_line' id='line_1_17' title="bbox 689 2346 3155 2423; baseline 0.001 -20"><span class='ocrx_word' id='word_1_127' title='bbox 689 2355 753 2403; x_wconf 57' lang='lat'>3-3.</span> <span class='ocrx_word' id='word_1_128' title='bbox 803 2346 866 2407; x_wconf 85' lang='lat' dir='ltr'>G.</span> <span class='ocrx_word' id='word_1_129' title='bbox 918 2346 991 2405; x_wconf 91' lang='lat' dir='ltr'>de</span> <span class='ocrx_word' id='word_1_130' title='bbox 1036 2348 1303 2422; x_wconf 85' lang='lat' dir='ltr'>Propag.</span> <span class='ocrx_word' id='word_1_131' title='bbox 1341 2346 1411 2406; x_wconf 90' lang='lat' dir='ltr'>F.</span> <span class='ocrx_word' id='word_1_132' title='bbox 1460 2347 1656 2422; x_wconf 89' lang='lat' dir='ltr'>quoad</span> <span class='ocrx_word' id='word_1_133' title='bbox 1700 2346 2284 2423; x_wconf 74' lang='lat' dir='ltr'>interpretationem</span> <span class='ocrx_word' id='word_1_134' title='bbox 2328 2347 2510 2404; x_wconf 89' lang='lat' dir='ltr'>huius</span> <span class='ocrx_word' id='word_1_135' title='bbox 2554 2346 3051 2414; x_wconf 66' lang='lat' dir='ltr'>[nstv-uetz‘onis,</span> <span class='ocrx_word' id='word_1_136' title='bbox 3091 2353 3155 2405; x_wconf 91' lang='lat' dir='ltr'>et</span> 
     </span>
     <span class='ocr_line' id='line_1_18' title="bbox 689 2437 3155 2521; baseline 0.001 -22"><span class='ocrx_word' id='word_1_137' title='bbox 689 2443 1052 2519; x_wconf 62' lang='lat' dir='ltr'>praesertim</span> <span class='ocrx_word' id='word_1_138' title='bbox 1096 2443 1240 2519; x_wconf 90' lang='lat' dir='ltr'>quid</span> <span class='ocrx_word' id='word_1_139' title='bbox 1284 2443 1758 2520; x_wconf 86' lang='lat' dir='ltr'>intelligendum</span> <span class='ocrx_word' id='word_1_140' title='bbox 1790 2437 1965 2504; x_wconf 71' lang='lat' dir='ltr'>&#39;esset</span> <span class='ocrx_word' id='word_1_141' title='bbox 2006 2462 2114 2521; x_wconf 88' lang='lat' dir='ltr'>per</span> <span class='ocrx_word' id='word_1_142' title='bbox 2147 2446 2337 2503; x_wconf 84' lang='lat' dir='ltr'>verba</span> <span class='ocrx_word' id='word_1_143' title='bbox 2378 2445 2599 2520; x_wconf 90' lang='lat' dir='ltr'>quibus</span> <span class='ocrx_word' id='word_1_144' title='bbox 2635 2444 2700 2502; x_wconf 93' lang='lat' dir='ltr'>in</span> <span class='ocrx_word' id='word_1_145' title='bbox 2739 2444 2952 2502; x_wconf 88' lang='lat' dir='ltr'>eadem</span> <span class='ocrx_word' id='word_1_146' title='bbox 3000 2443 3155 2502; x_wconf 89' lang='lat' dir='ltr'>inni-</span> 
     </span>
     <span class='ocr_line' id='line_1_19' title="bbox 689 2540 3156 2617; baseline 0.002 -24"><span class='ocrx_word' id='word_1_147' title='bbox 689 2543 842 2597; x_wconf 65' lang='lat' dir='ltr'>titur</span> <span class='ocrx_word' id='word_1_148' title='bbox 885 2544 950 2599; x_wconf 90' lang='lat' dir='ltr'>et</span> <span class='ocrx_word' id='word_1_149' title='bbox 992 2541 1167 2615; x_wconf 86' lang='lat' dir='ltr'>quasi</span> <span class='ocrx_word' id='word_1_150' title='bbox 1214 2540 1452 2617; x_wconf 82' lang='lat' dir='ltr'>ligatur</span> <span class='ocrx_word' id='word_1_151' title='bbox 1498 2540 1769 2602; x_wconf 81' lang='lat' dir='ltr'>facultas</span> <span class='ocrx_word' id='word_1_152' title='bbox 1810 2560 1915 2600; x_wconf 91' lang='lat' dir='ltr'>seu</span> <span class='ocrx_word' id='word_1_153' title='bbox 1960 2541 2299 2601; x_wconf 76' lang='lat' dir='ltr'>tolerantia</span> <span class='ocrx_word' id='word_1_154' title='bbox 2343 2541 2739 2600; x_wconf 88' lang='lat' dir='ltr'>benedicendi</span> <span class='ocrx_word' id='word_1_155' title='bbox 2782 2540 2984 2601; x_wconf 89' lang='lat' dir='ltr'>mixta</span> <span class='ocrx_word' id='word_1_156' title='bbox 3029 2558 3156 2598; x_wconf 89' lang='lat' dir='ltr'>ma-</span> 
     </span>
     <span class='ocr_line' id='line_1_20' title="bbox 693 2637 3148 2711; baseline 0.002 -20"><span class='ocrx_word' id='word_1_157' title='bbox 693 2637 1002 2709; x_wconf 66' lang='lat' dir='ltr'>trimonia,</span> <span class='ocrx_word' id='word_1_158' title='bbox 1037 2638 1283 2698; x_wconf 87' lang='lat' dir='ltr'>scilicet</span> <span class='ocrx_word' id='word_1_159' title='bbox 1311 2640 1398 2695; x_wconf 82' lang='lat' dir='ltr'>acl</span> <span class='ocrx_word' id='word_1_160' title='bbox 1432 2640 1708 2696; x_wconf 79' lang='lat' dir='ltr'>vitanda</span> <span class='ocrx_word' id='word_1_161' title='bbox 1750 2641 2062 2711; x_wconf 58' lang='lat' dir='ltr'>,qt-avium</span> <span class='ocrx_word' id='word_1_162' title='bbox 2109 2640 2291 2696; x_wconf 82' lang='lat' dir='ltr'>mala</span> <span class='ocrx_word' id='word_1_163' title='bbox 2322 2640 2400 2697; x_wconf 86' lang='lat' dir='ltr'>ed</span> <span class='ocrx_word' id='word_1_164' title='bbox 2430 2640 2708 2707; x_wconf 76' lang='lat' dir='ltr'>damna,</span> <span class='ocrx_word' id='word_1_165' title='bbox 2735 2639 2948 2698; x_wconf 90' lang='lat' dir='ltr'>eadem</span> <span class='ocrx_word' id='word_1_166' title='bbox 2981 2640 3046 2699; x_wconf 89' lang='lat' dir='ltr'>S.</span> <span class='ocrx_word' id='word_1_167' title='bbox 3083 2640 3148 2699; x_wconf 86' lang='lat' dir='ltr'>G.</span> 
     </span>
     <span class='ocr_line' id='line_1_21' title="bbox 689 2734 3155 2814; baseline 0.002 -25"><span class='ocrx_word' id='word_1_168' title='bbox 689 2735 781 2791; x_wconf 68' lang='grc' dir='ltr'>,ΗΕ</span> <span class='ocrx_word' id='word_1_169' title='bbox 823 2738 860 2793; x_wconf 91' lang='grc'>4</span> <span class='ocrx_word' id='word_1_170' title='bbox 904 2734 1247 2794; x_wconf 83' lang='lat' dir='ltr'>decembris</span> <span class='ocrx_word' id='word_1_171' title='bbox 1312 2735 1470 2795; x_wconf 81' lang='lat'>1862</span> <span class='ocrx_word' id='word_1_172' title='bbox 1531 2736 1729 2795; x_wconf 89' lang='lat' dir='ltr'>eidem</span> <span class='ocrx_word' id='word_1_173' title='bbox 1774 2736 2027 2796; x_wconf 87' lang='lat' dir='ltr'>Vicario</span> <span class='ocrx_word' id='word_1_174' title='bbox 2071 2756 2168 2813; x_wconf 91' lang='lat' dir='ltr'>ap.</span> <span class='ocrx_word' id='word_1_175' title='bbox 2216 2736 2533 2814; x_wconf 84' lang='lat' dir='ltr'>respondit</span> <span class='ocrx_word' id='word_1_176' title='bbox 2592 2755 2702 2813; x_wconf 91' lang='lat' dir='ltr'>per</span> <span class='ocrx_word' id='word_1_177' title='bbox 2747 2736 2999 2795; x_wconf 81' lang='lat' dir='ltr'>litteras</span> <span class='ocrx_word' id='word_1_178' title='bbox 3043 2736 3155 2797; x_wconf 88' lang='lat' dir='ltr'>Su-</span> 
     </span>
     <span class='ocr_line' id='line_1_22' title="bbox 693 2833 3153 2912; baseline 0 -21"><span class='ocrx_word' id='word_1_179' title='bbox 693 2851 932 2907; x_wconf 63' lang='lat' dir='ltr'>premae</span> <span class='ocrx_word' id='word_1_180' title='bbox 964 2834 1030 2893; x_wconf 90' lang='lat' dir='ltr'>S.</span> <span class='ocrx_word' id='word_1_181' title='bbox 1068 2833 1133 2893; x_wconf 83' lang='lat' dir='ltr'>G.</span> <span class='ocrx_word' id='word_1_182' title='bbox 1173 2835 1236 2894; x_wconf 87' lang='lat' dir='ltr'>S.</span> <span class='ocrx_word' id='word_1_183' title='bbox 1274 2833 1507 2893; x_wconf 86' lang='lat' dir='ltr'>Officii:</span> <span class='ocrx_word' id='word_1_184' title='bbox 1568 2852 1604 2891; x_wconf 73' lang='lat'>&lt;4</span> <span class='ocrx_word' id='word_1_185' title='bbox 1637 2834 1862 2894; x_wconf 87' lang='lat' dir='ltr'>Procul</span> <span class='ocrx_word' id='word_1_186' title='bbox 1909 2835 2087 2893; x_wconf 90' lang='lat' dir='ltr'>dubio</span> <span class='ocrx_word' id='word_1_187' title='bbox 2145 2836 2440 2912; x_wconf 85' lang='lat' dir='ltr'>graviora</span> <span class='ocrx_word' id='word_1_188' title='bbox 2485 2833 2625 2892; x_wconf 91' lang='lat' dir='ltr'>inde</span> <span class='ocrx_word' id='word_1_189' title='bbox 2667 2835 2957 2894; x_wconf 90' lang='lat' dir='ltr'>oriuntur</span> <span class='ocrx_word' id='word_1_190' title='bbox 2988 2835 3153 2894; x_wconf 88' lang='lat' dir='ltr'>mala</span> 
     </span>
     <span class='ocr_line' id='line_1_23' title="bbox 689 2930 3156 3009; baseline 0.001 -22"><span class='ocrx_word' id='word_1_191' title='bbox 689 2939 749 2987; x_wconf 52' lang='lat' dir='ltr'>et</span> <span class='ocrx_word' id='word_1_192' title='bbox 777 2931 1001 2990; x_wconf 83' lang='lat' dir='ltr'>damna</span> <span class='ocrx_word' id='word_1_193' title='bbox 1047 2930 1126 2991; x_wconf 86' lang='lat'>1⁰.</span> <span class='ocrx_word' id='word_1_194' title='bbox 1162 2932 1694 3008; x_wconf 80' lang='lat' dir='ltr'>Quotiescumque,</span> <span class='ocrx_word' id='word_1_195' title='bbox 1728 2934 1806 2991; x_wconf 90' lang='lat' dir='ltr'>ob</span> <span class='ocrx_word' id='word_1_196' title='bbox 1843 2933 2211 3009; x_wconf 86' lang='lat' dir='ltr'>denegatam</span> <span class='ocrx_word' id='word_1_197' title='bbox 2256 2931 2670 2992; x_wconf 84' lang='lat' dir='ltr'>matrimoniis</span> <span class='ocrx_word' id='word_1_198' title='bbox 2715 2932 2931 2991; x_wconf 81' lang='lat' dir='ltr'>mixtis</span> <span class='ocrx_word' id='word_1_199' title='bbox 2980 2933 3156 2990; x_wconf 90' lang='lat' dir='ltr'>bene-</span> 
     </span>
     <span class='ocr_line' id='line_1_24' title="bbox 689 3027 3154 3105; baseline 0.001 -22"><span class='ocrx_word' id='word_1_200' title='bbox 689 3029 1037 3099; x_wconf 63' lang='lat' dir='ltr'>dictionem,</span> <span class='ocrx_word' id='word_1_201' title='bbox 1085 3027 1272 3087; x_wconf 89' lang='lat' dir='ltr'>facile</span> <span class='ocrx_word' id='word_1_202' title='bbox 1315 3029 1744 3090; x_wconf 87' lang='lat' dir='ltr'>excitarentur</span> <span class='ocrx_word' id='word_1_203' title='bbox 1798 3031 2252 3090; x_wconf 89' lang='lat' dir='ltr'>haereticorum</span> <span class='ocrx_word' id='word_1_204' title='bbox 2295 3029 2716 3105; x_wconf 87' lang='lat' dir='ltr'>querimoniae</span> <span class='ocrx_word' id='word_1_205' title='bbox 2760 3034 2825 3088; x_wconf 87' lang='lat' dir='ltr'>et</span> <span class='ocrx_word' id='word_1_206' title='bbox 2865 3028 3007 3087; x_wconf 91' lang='lat' dir='ltr'>odia</span> <span class='ocrx_word' id='word_1_207' title='bbox 3049 3029 3154 3087; x_wconf 89' lang='lat' dir='ltr'>ad-</span> 
     </span>
     <span class='ocr_line' id='line_1_25' title="bbox 697 3127 3153 3204; baseline 0.003 -24"><span class='ocrx_word' id='word_1_208' title='bbox 697 3145 902 3186; x_wconf 54' lang='lat' dir='ltr'>versus</span> <span class='ocrx_word' id='word_1_209' title='bbox 947 3127 1158 3186; x_wconf 86' lang='lat' dir='ltr'>fideles</span> <span class='ocrx_word' id='word_1_210' title='bbox 1192 3128 1481 3204; x_wconf 86' lang='lat' dir='ltr'>legesque</span> <span class='ocrx_word' id='word_1_211' title='bbox 1523 3130 2004 3188; x_wconf 86' lang='lat' dir='ltr'>ecclesiasticas.</span> <span class='ocrx_word' id='word_1_212' title='bbox 2042 3161 2115 3174; x_wconf 92' lang='lat'><strong>—</strong></span> <span class='ocrx_word' id='word_1_213' title='bbox 2160 3129 2247 3186; x_wconf 84' lang='lat'>2⁰.</span> <span class='ocrx_word' id='word_1_214' title='bbox 2284 3129 2816 3204; x_wconf 87' lang='lat' dir='ltr'>Quotiescumque,</span> <span class='ocrx_word' id='word_1_215' title='bbox 2846 3127 3153 3203; x_wconf 79' lang='lat' dir='ltr'>denegata</span> 
     </span>
     <span class='ocr_line' id='line_1_26' title="bbox 689 3226 3155 3304; baseline 0 -21"><span class='ocrx_word' id='word_1_216' title='bbox 689 3255 721 3283; x_wconf 68' lang='grc' dir='ltr'><em>η</em></span> <span class='ocrx_word' id='word_1_217' title='bbox 757 3228 1022 3303; x_wconf 77' lang='lat' dir='ltr'>parocho</span> <span class='ocrx_word' id='word_1_218' title='bbox 1064 3226 1372 3286; x_wconf 89' lang='lat' dir='ltr'>catholico</span> <span class='ocrx_word' id='word_1_219' title='bbox 1403 3226 1849 3297; x_wconf 90' lang='lat' dir='ltr'>benedictione,</span> <span class='ocrx_word' id='word_1_220' title='bbox 1882 3228 2109 3304; x_wconf 90' lang='lat' dir='ltr'>sponsi,</span> <span class='ocrx_word' id='word_1_221' title='bbox 2143 3232 2288 3286; x_wconf 89' lang='lat' dir='ltr'>ante</span> <span class='ocrx_word' id='word_1_222' title='bbox 2320 3226 2419 3285; x_wconf 85' lang='lat' dir='ltr'>vel</span> <span class='ocrx_word' id='word_1_223' title='bbox 2449 3231 2588 3302; x_wconf 88' lang='lat' dir='ltr'>post</span> <span class='ocrx_word' id='word_1_224' title='bbox 2615 3243 2824 3286; x_wconf 91' lang='lat' dir='ltr'>coram</span> <span class='ocrx_word' id='word_1_225' title='bbox 2853 3226 2967 3285; x_wconf 91' lang='lat' dir='ltr'>illo</span> <span class='ocrx_word' id='word_1_226' title='bbox 2997 3226 3155 3285; x_wconf 90' lang='lat' dir='ltr'>cele-</span> 
     </span>
     <span class='ocr_line' id='line_1_27' title="bbox 693 3323 3155 3423; baseline -0 -40"><span class='ocrx_word' id='word_1_227' title='bbox 693 3327 934 3383; x_wconf 53' lang='lat' dir='ltr'>tamtum</span> <span class='ocrx_word' id='word_1_228' title='bbox 979 3324 1464 3395; x_wconf 84' lang='lat' dir='ltr'>matrimonium,</span> <span class='ocrx_word' id='word_1_229' title='bbox 1513 3324 1923 3384; x_wconf 90' lang='lat' dir='ltr'>ministellum</span> <span class='ocrx_word' id='word_1_230' title='bbox 1971 3326 2218 3395; x_wconf 90' lang='lat' dir='ltr'>adeant,</span> <span class='ocrx_word' id='word_1_231' title='bbox 2269 3326 2367 3383; x_wconf 85' lang='lat' dir='ltr'>vel</span> <span class='ocrx_word' id='word_1_232' title='bbox 2410 3325 2601 3385; x_wconf 87' lang='lat' dir='ltr'>etiam</span> <span class='ocrx_word' id='word_1_233' title='bbox 2645 3325 2708 3383; x_wconf 90' lang='lat' dir='ltr'>in</span> <span class='ocrx_word' id='word_1_234' title='bbox 2755 3323 3155 3423; x_wconf 51' lang='lat' dir='ltr'>heterodoQ-</span> 
     </span>
     <span class='ocr_line' id='line_1_28' title="bbox 693 3420 3148 3500; baseline -0 -21"><span class='ocrx_word' id='word_1_235' title='bbox 693 3439 823 3479; x_wconf 79' lang='lat' dir='ltr'>rum</span> <span class='ocrx_word' id='word_1_236' title='bbox 868 3420 1166 3497; x_wconf 89' lang='lat' dir='ltr'>templum</span> <span class='ocrx_word' id='word_1_237' title='bbox 1222 3421 1595 3481; x_wconf 87' lang='lat' dir='ltr'>conveniant</span> <span class='ocrx_word' id='word_1_238' title='bbox 1637 3422 1712 3480; x_wconf 89' lang='lat' dir='ltr'>ad</span> <span class='ocrx_word' id='word_1_239' title='bbox 1758 3422 2132 3500; x_wconf 82' lang='lat' dir='ltr'>sacrilegam</span> <span class='ocrx_word' id='word_1_240' title='bbox 2186 3420 3148 3490; x_wconf 56' lang='lat' dir='ltr'>benedictionemiobtinendam,</span> 
     </span>
     <span class='ocr_line' id='line_1_29' title="bbox 693 3517 3151 3597; baseline 0.001 -22"><span class='ocrx_word' id='word_1_241' title='bbox 693 3518 953 3595; x_wconf 58' lang='lat' dir='ltr'>parocho</span> <span class='ocrx_word' id='word_1_242' title='bbox 995 3517 1305 3578; x_wconf 90' lang='lat' dir='ltr'>catholico</span> <span class='ocrx_word' id='word_1_243' title='bbox 1357 3520 1604 3578; x_wconf 89' lang='lat' dir='ltr'>omnino</span> <span class='ocrx_word' id='word_1_244' title='bbox 1646 3521 2023 3597; x_wconf 84' lang='lat' dir='ltr'>posthabite.</span> <span class='ocrx_word' id='word_1_245' title='bbox 2077 3553 2143 3563; x_wconf 91' lang='lat'>—</span> <span class='ocrx_word' id='word_1_246' title='bbox 2189 3520 2279 3579; x_wconf 89' lang='lat'>3⁰.</span> <span class='ocrx_word' id='word_1_247' title='bbox 2331 3520 2845 3596; x_wconf 86' lang='lat' dir='ltr'>Quotiescumque</span> <span class='ocrx_word' id='word_1_248' title='bbox 2904 3518 3151 3596; x_wconf 84' lang='lat' dir='ltr'>insuper</span> 
     </span>
     <span class='ocr_line' id='line_1_30' title="bbox 693 3613 3149 3696; baseline 0 -22"><span class='ocrx_word' id='word_1_249' title='bbox 693 3618 1025 3675; x_wconf 63' lang='lat' dir='ltr'>timendum</span> <span class='ocrx_word' id='word_1_250' title='bbox 1053 3621 1218 3676; x_wconf 87' lang='lat' dir='ltr'>esset</span> <span class='ocrx_word' id='word_1_251' title='bbox 1259 3618 1436 3693; x_wconf 90' lang='lat' dir='ltr'>quod,</span> <span class='ocrx_word' id='word_1_252' title='bbox 1472 3623 1760 3679; x_wconf 86' lang='lat' dir='ltr'>recusata</span> <span class='ocrx_word' id='word_1_253' title='bbox 1790 3620 1868 3678; x_wconf 87' lang='lat' dir='ltr'>ab</span> <span class='ocrx_word' id='word_1_254' title='bbox 1898 3619 2052 3696; x_wconf 84' lang='lat' dir='ltr'>ipsis</span> <span class='ocrx_word' id='word_1_255' title='bbox 2081 3620 2360 3695; x_wconf 85' lang='lat' dir='ltr'>expetita</span> <span class='ocrx_word' id='word_1_256' title='bbox 2404 3613 2848 3689; x_wconf 88' lang='lat' dir='ltr'>benedictione,</span> <span class='ocrx_word' id='word_1_257' title='bbox 2880 3622 2992 3677; x_wconf 84' lang='lat' dir='ltr'>aut</span> <span class='ocrx_word' id='word_1_258' title='bbox 3035 3635 3149 3676; x_wconf 91' lang='lat' dir='ltr'>non</span> 
     </span>
     <span class='ocr_line' id='line_1_31' title="bbox 693 3719 3152 3796; baseline 0.002 -24"><span class='ocrx_word' id='word_1_259' title='bbox 693 3721 1092 3776; x_wconf 52' lang='lat' dir='ltr'>servarentur</span> <span class='ocrx_word' id='word_1_260' title='bbox 1150 3720 1534 3778; x_wconf 86' lang='lat' dir='ltr'>necessariae</span> <span class='ocrx_word' id='word_1_261' title='bbox 1592 3719 1908 3779; x_wconf 88' lang='lat' dir='ltr'>cautiones</span> <span class='ocrx_word' id='word_1_262' title='bbox 1952 3721 2025 3779; x_wconf 92' lang='lat' dir='ltr'>de</span> <span class='ocrx_word' id='word_1_263' title='bbox 2070 3721 2405 3780; x_wconf 86' lang='lat' dir='ltr'>amovendo</span> <span class='ocrx_word' id='word_1_264' title='bbox 2448 3738 2484 3778; x_wconf 89' lang='lat' dir='ltr'>a</span> <span class='ocrx_word' id='word_1_265' title='bbox 2527 3722 2785 3796; x_wconf 84' lang='lat' dir='ltr'>coniuge</span> <span class='ocrx_word' id='word_1_266' title='bbox 2841 3719 3152 3779; x_wconf 89' lang='lat' dir='ltr'>catholico</span> 
     </span>
     <span class='ocr_line' id='line_1_32' title="bbox 697 3815 3154 3896; baseline -0.001 -21"><span class='ocrx_word' id='word_1_267' title='bbox 697 3818 1108 3891; x_wconf 68' lang='lat' dir='ltr'>perversionis</span> <span class='ocrx_word' id='word_1_268' title='bbox 1138 3817 1433 3893; x_wconf 88' lang='lat' dir='ltr'>pericu10,</span> <span class='ocrx_word' id='word_1_269' title='bbox 1466 3823 1533 3877; x_wconf 90' lang='lat' dir='ltr'>et</span> <span class='ocrx_word' id='word_1_270' title='bbox 1573 3818 1645 3876; x_wconf 91' lang='lat' dir='ltr'>de</span> <span class='ocrx_word' id='word_1_271' title='bbox 1677 3818 1968 3878; x_wconf 90' lang='lat' dir='ltr'>universa</span> <span class='ocrx_word' id='word_1_272' title='bbox 2011 3818 2183 3896; x_wconf 90' lang='lat' dir='ltr'>prole</span> <span class='ocrx_word' id='word_1_273' title='bbox 2226 3819 2288 3877; x_wconf 91' lang='lat' dir='ltr'>in</span> <span class='ocrx_word' id='word_1_274' title='bbox 2320 3818 2632 3878; x_wconf 87' lang='lat' dir='ltr'>catholica</span> <span class='ocrx_word' id='word_1_275' title='bbox 2674 3817 2979 3894; x_wconf 83' lang='lat' dir='ltr'>religione</span> <span class='ocrx_word' id='word_1_276' title='bbox 3013 3815 3154 3874; x_wconf 90' lang='lat' dir='ltr'>edu·</span> 
     </span>
     <span class='ocr_line' id='line_1_33' title="bbox 689 3912 3151 3995; baseline 0 -24"><span class='ocrx_word' id='word_1_277' title='bbox 689 3912 903 3983; x_wconf 61' lang='lat' dir='ltr'>wanda,</span> <span class='ocrx_word' id='word_1_278' title='bbox 950 3919 1080 3984; x_wconf 88' lang='lat' dir='ltr'>aut,</span> <span class='ocrx_word' id='word_1_279' title='bbox 1126 3916 1279 3990; x_wconf 91' lang='lat' dir='ltr'>quod</span> <span class='ocrx_word' id='word_1_280' title='bbox 1324 3914 1754 3975; x_wconf 79' lang='lat' dir='ltr'>detestabilius</span> <span class='ocrx_word' id='word_1_281' title='bbox 1799 3916 1983 3988; x_wconf 87' lang='lat' dir='ltr'>foret,</span> <span class='ocrx_word' id='word_1_282' title='bbox 2032 3936 2106 3976; x_wconf 92' lang='lat' dir='ltr'>ne</span> <span class='ocrx_word' id='word_1_283' title='bbox 2148 3934 2294 3995; x_wconf 88' lang='lat' dir='ltr'>pars</span> <span class='ocrx_word' id='word_1_284' title='bbox 2334 3916 2647 3977; x_wconf 87' lang='lat' dir='ltr'>catholica</span> <span class='ocrx_word' id='word_1_285' title='bbox 2690 3916 2766 3974; x_wconf 90' lang='lat' dir='ltr'>ad</span> <span class='ocrx_word' id='word_1_286' title='bbox 2810 3915 3151 3974; x_wconf 89' lang='lat' dir='ltr'>haeretico-</span> 
     </span>
     <span class='ocr_line' id='line_1_34' title="bbox 697 4014 3144 4093; baseline 0 -22"><span class='ocrx_word' id='word_1_287' title='bbox 697 4031 825 4071; x_wconf 77' lang='lat' dir='ltr'>rum</span> <span class='ocrx_word' id='word_1_288' title='bbox 880 4018 1091 4073; x_wconf 87' lang='lat' dir='ltr'>castra</span> <span class='ocrx_word' id='word_1_289' title='bbox 1147 4015 1208 4072; x_wconf 91' lang='lat' dir='ltr'>in</span> <span class='ocrx_word' id='word_1_290' title='bbox 1252 4015 1360 4085; x_wconf 36' lang='lat' dir='ltr'>,sui</span> <span class='ocrx_word' id='word_1_291' title='bbox 1418 4019 1484 4074; x_wconf 90' lang='lat' dir='ltr'>et</span> <span class='ocrx_word' id='word_1_292' title='bbox 1528 4016 1774 4079; x_wconf 87' lang='lat' dir='ltr'>futurae</span> <span class='ocrx_word' id='word_1_293' title='bbox 1831 4017 2024 4093; x_wconf 88' lang='lat' dir='ltr'>prolis</span> <span class='ocrx_word' id='word_1_294' title='bbox 2079 4022 2395 4077; x_wconf 85' lang='lat' dir='ltr'>aeternam</span> <span class='ocrx_word' id='word_1_295' title='bbox 2441 4015 2777 4093; x_wconf 88' lang='lat' dir='ltr'>perniciem</span> <span class='ocrx_word' id='word_1_296' title='bbox 2820 4014 3144 4074; x_wconf 89' lang='lat' dir='ltr'>transiret.</span> 
     </span>
     <span class='ocr_line' id='line_1_35' title="bbox 697 4110 3151 4190; baseline 0.001 -23"><span class='ocrx_word' id='word_1_297' title='bbox 697 4110 1027 4171; x_wconf 69' lang='lat' dir='ltr'>l=3ridenter</span> <span class='ocrx_word' id='word_1_298' title='bbox 1085 4111 1234 4170; x_wconf 86' lang='lat' dir='ltr'>haec</span> <span class='ocrx_word' id='word_1_299' title='bbox 1278 4118 1341 4172; x_wconf 90' lang='lat' dir='ltr'>et</span> <span class='ocrx_word' id='word_1_300' title='bbox 1382 4112 1618 4171; x_wconf 86' lang='lat' dir='ltr'>similia</span> <span class='ocrx_word' id='word_1_301' title='bbox 1660 4117 1807 4173; x_wconf 89' lang='lat' dir='ltr'>sunt</span> <span class='ocrx_word' id='word_1_302' title='bbox 1850 4115 2076 4190; x_wconf 83' lang='lat' dir='ltr'>gravia</span> <span class='ocrx_word' id='word_1_303' title='bbox 2130 4115 2245 4174; x_wconf 89' lang='lat' dir='ltr'>illa</span> <span class='ocrx_word' id='word_1_304' title='bbox 2287 4115 2512 4173; x_wconf 89' lang='lat' dir='ltr'>damna</span> <span class='ocrx_word' id='word_1_305' title='bbox 2552 4131 2625 4173; x_wconf 90' lang='lat' dir='ltr'>ac</span> <span class='ocrx_word' id='word_1_306' title='bbox 2670 4113 2836 4172; x_wconf 89' lang='lat' dir='ltr'>mala</span> <span class='ocrx_word' id='word_1_307' title='bbox 2878 4111 2958 4171; x_wconf 89' lang='lat' dir='ltr'>ad</span> <span class='ocrx_word' id='word_1_308' title='bbox 2998 4129 3151 4187; x_wconf 90' lang='lat' dir='ltr'>quae</span> 
     </span>
     <span class='ocr_line' id='line_1_36' title="bbox 693 4209 3151 4289; baseline 0.001 -24"><span class='ocrx_word' id='word_1_309' title='bbox 693 4209 946 4268; x_wconf 69' lang='lat' dir='ltr'>vitanda</span> <span class='ocrx_word' id='word_1_310' title='bbox 986 4227 1258 4268; x_wconf 90' lang='lat' dir='ltr'>summus</span> <span class='ocrx_word' id='word_1_311' title='bbox 1303 4211 1598 4270; x_wconf 81' lang='lat' dir='ltr'>Pontifex</span> <span class='ocrx_word' id='word_1_312' title='bbox 1640 4211 1985 4288; x_wconf 84' lang='lat' dir='ltr'>indulgere,</span> <span class='ocrx_word' id='word_1_313' title='bbox 2020 4230 2127 4271; x_wconf 89' lang='lat' dir='ltr'>seu</span> <span class='ocrx_word' id='word_1_314' title='bbox 2168 4213 2430 4273; x_wconf 89' lang='lat' dir='ltr'>tolerari</span> <span class='ocrx_word' id='word_1_315' title='bbox 2473 4229 2647 4289; x_wconf 81' lang='lat' dir='ltr'>posse</span> <span class='ocrx_word' id='word_1_316' title='bbox 2688 4210 3043 4271; x_wconf 79' lang='lat' dir='ltr'>declaravit</span> <span class='ocrx_word' id='word_1_317' title='bbox 3082 4213 3151 4267; x_wconf 90' lang='lat' dir='ltr'>ut</span> 
     </span>
     <span class='ocr_line' id='line_1_37' title="bbox 697 4306 3151 4386; baseline 0 -23"><span class='ocrx_word' id='word_1_318' title='bbox 697 4311 749 4363; x_wconf 79' lang='lat' dir='ltr'>in</span> <span class='ocrx_word' id='word_1_319' title='bbox 795 4306 1215 4384; x_wconf 83' lang='lat' dir='ltr'>matrimoniis</span> <span class='ocrx_word' id='word_1_320' title='bbox 1254 4307 1472 4367; x_wconf 88' lang='lat' dir='ltr'>mixtis</span> <span class='ocrx_word' id='word_1_321' title='bbox 1517 4308 1818 4385; x_wconf 88' lang='lat' dir='ltr'>nuptialis</span> <span class='ocrx_word' id='word_1_322' title='bbox 1859 4310 2290 4386; x_wconf 88' lang='lat' dir='ltr'>impertiretur</span> <span class='ocrx_word' id='word_1_323' title='bbox 2342 4310 2687 4370; x_wconf 89' lang='lat' dir='ltr'>benedictio</span> <span class='ocrx_word' id='word_1_324' title='bbox 2717 4325 2775 4368; x_wconf 75' lang='lat'>».</span> <span class='ocrx_word' id='word_1_325' title='bbox 2827 4340 2897 4350; x_wconf 91' lang='lat'>—</span> <span class='ocrx_word' id='word_1_326' title='bbox 2947 4306 3151 4365; x_wconf 90' lang='lat' dir='ltr'>Habes</span> 
     </span>
     <span class='ocr_line' id='line_1_38' title="bbox 697 4404 3150 4469; baseline 0 -6"><span class='ocrx_word' id='word_1_327' title='bbox 697 4411 801 4463; x_wconf 74' lang='lat' dir='ltr'>iias</span> <span class='ocrx_word' id='word_1_328' title='bbox 831 4406 1082 4466; x_wconf 86' lang='lat' dir='ltr'>litteras</span> <span class='ocrx_word' id='word_1_329' title='bbox 1111 4406 1174 4465; x_wconf 89' lang='lat' dir='ltr'>in</span> <span class='ocrx_word' id='word_1_330' title='bbox 1209 4404 1622 4464; x_wconf 81' lang='lat' dir='ltr'>Collectanea</span> <span class='ocrx_word' id='word_1_331' title='bbox 1652 4408 1904 4468; x_wconf 90' lang='lat' dir='ltr'>constit.</span> <span class='ocrx_word' id='word_1_332' title='bbox 1939 4409 2172 4469; x_wconf 89' lang='lat' dir='ltr'>decret.</span> <span class='ocrx_word' id='word_1_333' title='bbox 2202 4408 2425 4468; x_wconf 89' lang='lat' dir='ltr'>indult.</span> <span class='ocrx_word' id='word_1_334' title='bbox 2461 4425 2534 4466; x_wconf 92' lang='lat' dir='ltr'>ac</span> <span class='ocrx_word' id='word_1_335' title='bbox 2564 4408 2855 4467; x_wconf 89' lang='lat' dir='ltr'>instruct.</span> <span class='ocrx_word' id='word_1_336' title='bbox 2884 4405 3150 4465; x_wconf 88' lang='lat' dir='ltr'>Sanctae</span> 
     </span>
     <span class='ocr_line' id='line_1_39' title="bbox 693 4500 3142 4580; baseline -0.002 -17"><span class='ocrx_word' id='word_1_337' title='bbox 693 4506 865 4566; x_wconf 49' lang='lat' dir='ltr'>&amp;iadis</span> <span class='ocrx_word' id='word_1_338' title='bbox 909 4506 985 4564; x_wconf 90' lang='lat' dir='ltr'>ad</span> <span class='ocrx_word' id='word_1_339' title='bbox 1029 4523 1199 4565; x_wconf 91' lang='lat' dir='ltr'>usum</span> <span class='ocrx_word' id='word_1_340' title='bbox 1248 4505 1582 4562; x_wconf 78' lang='lat' dir='ltr'>Societatis</span> <span class='ocrx_word' id='word_1_341' title='bbox 1628 4505 2028 4563; x_wconf 77' lang='lat' dir='ltr'>Missionum</span> <span class='ocrx_word' id='word_1_342' title='bbox 2074 4507 2162 4565; x_wconf 81' lang='lat' dir='ltr'>ad</span> <span class='ocrx_word' id='word_1_343' title='bbox 2204 4514 2482 4572; x_wconf 75' lang='lat' dir='ltr'>exteros,</span> <span class='ocrx_word' id='word_1_344' title='bbox 2520 4524 2587 4563; x_wconf 79' lang='lat' dir='ltr'>n.</span> <span class='ocrx_word' id='word_1_345' title='bbox 2628 4502 2784 4564; x_wconf 87' lang='lat'><strong>908.</strong></span> <span class='ocrx_word' id='word_1_346' title='bbox 2814 4520 2975 4580; x_wconf 70' lang='lat' dir='ltr'>pay.</span> <span class='ocrx_word' id='word_1_347' title='bbox 3012 4500 3142 4559; x_wconf 89' lang='lat'>401</span> 
     </span>
     <span class='ocr_line' id='line_1_40' title="bbox 693 4600 1698 4680; baseline -0.001 -17"><span class='ocrx_word' id='word_1_348' title='bbox 693 4615 750 4663; x_wconf 60' lang='lat' dir='ltr'>ai*</span> <span class='ocrx_word' id='word_1_349' title='bbox 793 4622 959 4680; x_wconf 78' lang='lat' dir='ltr'>seqq.</span> <span class='ocrx_word' id='word_1_350' title='bbox 1010 4604 1158 4670; x_wconf 85' lang='lat' dir='ltr'>edit.</span> <span class='ocrx_word' id='word_1_351' title='bbox 1210 4600 1474 4661; x_wconf 89' lang='lat' dir='ltr'>Parisiis</span> <span class='ocrx_word' id='word_1_352' title='bbox 1518 4600 1698 4670; x_wconf 74' lang='lat'><strong>1880.</strong></span> 
     </span>
    </p>
   </div>
   <div class='ocr_carea' id='block_1_4' title="bbox 3269 0 3467 5280">
    <p class='ocr_par' dir='ltr' id='par_1_4' title="bbox 3269 0 3467 5280">
     <span class='ocr_line' id='line_1_41' title="bbox 3269 0 3467 5280; baseline 0 0"><span class='ocrx_word' id='word_1_353' title='bbox 3269 0 3467 5280; x_wconf 95' lang='lat' dir='ltr'> </span> 
     </span>
    </p>
   </div>
  </div>
 </body>
</html>
