3509 5317
701 556 879 618 433·-

178 710 262 762 mor
286 698 350 762 aut
372 690 472 762 lama
496 712 769 785 quaecumque,
793 712 917 782 neque
939 694 1043 765 solas
1065 694 1404 782 praesumptiones,

177 798 245 869 sed
269 801 468 888 requiritur
490 808 615 871 certus
638 800 685 871 de
708 820 755 871 ea
777 802 930 871 nuntius
953 808 1017 872 aut
1039 800 1171 871 saltem
1196 818 1407 869 concursus

178 906 308 978 talium
334 909 530 995 rationum,
555 930 654 998 quae
670 913 783 980 'certo
811 910 940 979 nuntio
971 908 1263 997 aequipollentes
1293 927 1406 979 omne

178 1013 225 1085 de
249 1015 308 1086 illa
338 1015 495 1085 dubium
527 1018 738 1088 excludant.
775 1019 861 1087 Ideo
893 1019 929 1085 in
959 1018 1031 1087 hoc
1058 1036 1148 1086 cusu
1185 1016 1297 1086 iudex
1322 1021 1407 1085 ante

178 1123 304 1192 omnia
329 1125 480 1212 exigere
504 1124 661 1211 debebit,
680 1133 720 1194 ut
735 1125 869 1212 prioris
886 1124 1109 1193 matrimonii
1135 1125 1404 1194 documentum

177 1230 433 1300 authenticum
462 1230 683 1318 proteratur,
707 1237 829 1320 atque,
853 1232 884 1301 si
909 1249 1006 1319 opus
1028 1230 1137 1301 fuerit
1163 1231 1254 1302 alias
1277 1232 1408 1319 proba·

178 1336 298 1407 tiones
329 1326 483 1425 colliget,
516 1356 613 1425 quae
640 1338 816 1426 praedicti
841 1339 974 1425 prioris
1006 1339 1228 1408 matrimonii
1252 1340 1408 1408 existen·

176 1444 266 1514 tiam
292 1444 567 1531 demonstrent3
592 1445 759 1514 similiter
787 1445 959 1533 exquiret
988 1445 1212 1514 documenta
1237 1446 1296 1514 vel
1327 1464 1408 1532 pro

178 1549 348 1621 tuitiones
379 1550 426 1620 de
457 1552 625 1621 secundo
661 1552 899 1623 matrimonio
922 1559 1134 1639 contract03
1167 1572 1265 1640 quae
1280 1554 1408 1622 omnia

178 1658 403 1729 documenta
427 1656 531 1728 lacile
548 1658 676 1729 haberi
693 1666 868 1746 poterunt
891 1678 940 1730 ex
957 1659 1058 1729 libris
1082 1660 1406 1730 matrimoniorum

179 1765 215 1832 in
240 1765 415 1852 parochis
430 1765 644 1837 asservatis.
662 1766 753 1834 Post
776 1767 868 1836 haec
881 1767 1065 1855 exigenda
1091 1771 1237 1836 erunta
1261 1784 1430 1854 compen

180 1873 341 1943 lentibus
357 1873 532 1958 parochis
547 1872 757 1973 authentica
774 1874 1000 1943 documenta
1014 1874 1062 1944 de
1074 1882 1269 1961 praetensa
1289 1881 1408 1943 morte

181 1979 334 2049 alterius
356 1981 535 2070 coniugis,
560 1992 596 2051 et
620 1984 654 2050 in
679 1978 825 2052 delectu
849 1987 1024 2069 poterunt
1048 1981 1180 2051 eadem
1205 1981 1342 2068 requiri
1358 1982 1408 2050 ab

179 2089 395 2159 auctoritate
418 2088 525 2174 civili,
549 2091 580 2159 si
605 2108 698 2158 suos
724 2089 837 2158 libros
869 2089 1050 2176 hahuerit,
1075 2090 1110 2159 in
1135 2089 1273 2177 quibus
1296 2090 1408 2163 adno-

182 2200 314 2264 tentur.
339 2198 443 2277 Quae
466 2199 676 2284 comparari
701 2196 892 2267 debebunt
917 2215 1005 2266 cum
1030 2196 1255 2266 documento
1280 2213 1410 2264 secun·

93 2344 98 2355 ·
182 2302 274 2370 dum
302 2303 582 2373 matrimonium
607 2303 896 2390 comprobante,
928 2308 968 2372 υι
996 2316 1257 2392 cognoscatur,
1281 2307 1407 2372 utrum

115 2492 120 2502 .
180 2410 390 2479 secundum
419 2410 491 2479 hoc
523 2411 803 2480 matrimonium
831 2416 1063 2481 contractum
1092 2409 1199 2481 luerit
1228 2417 1323 2495 ante,
1349 2409 1408 2477 vel

179 2525 264 2604 post
286 2518 422 2604 prioris
452 2518 621 2606 coniugis
652 2527 828 2604 mortem,
853 2525 964 2607 atque
987 2519 1034 2588 ita
1065 2518 1256 2604 iudicetur,
1282 2511 1405 2587 utrum

182 2625 392 2693 secundum
418 2625 695 2694 matrimonium
722 2625 897 2713 validum,
915 2644 962 2695 an
987 2625 1131 2694 nullum
1156 2624 1274 2695 fuerit.

245 2734 300 2800 42.
321 2731 478 2813 Quando
493 2732 542 2802 ad
556 2737 715 2802 mortem
730 2733 861 2818 prioris
874 2734 1044 2822 coniugis
1054 2732 1294 2819 probandum
1305 2751 1409 2820 prae·

178 2844 236 2908 sto
266 2840 343 2907 hon
376 2848 474 2925 sunt,
499 2859 621 2927 neque
645 2859 731 2909 esse
762 2847 921 2924 possunt
943 2840 1037 2910 haec
1063 2839 1271 2911 authentica
1295 2840 1406 2909 docu-

179 2952 315 3032 menta,
328 2946 410 3017 aliis
427 2949 659 3035 argumentis
675 2954 710 3016 et
725 2947 806 3018 aliis
817 2947 1099 3035 probationibus
1115 2966 1213 3036 opus
1229 2953 1294 3034 est3
1310 2965 1407 3035 quae

181 3073 202 3122 a
227 3054 346 3124 iudice
370 3055 503 3125 sedulo
526 3061 635 3124 erunt
657 3055 896 3144 colligendae.
922 3055 961 3124 ln
986 3055 1117 3143 primis
1140 3060 1405 3144 argumentum

178 3161 327 3231 desumi
355 3167 479 3249 potest
508 3181 557 3233 ex
588 3163 818 3250 depositione
846 3163 996 3232 testium
1020 3161 1136 3232 fidem
1172 3163 1406 3249 merentium,

178 3268 210 3336 si
233 3268 302 3354 ipsi
325 3269 373 3338 de
397 3269 480 3337 visu
505 3275 662 3339 mortem
689 3268 795 3354 illius,
820 3269 967 3357 dequo
993 3271 1130 3356 agitur,
1162 3288 1297 3339 revera
1319 3270 1410 3338 acci·

179 3373 280 3445 disse
303 3375 592 3463 affirmaverint;
618 3383 682 3446 aut
704 3376 803 3444 idern
824 3370 1054 3446 asseruerint
1076 3395 1125 3446 ex
1149 3377 1287 3462 auditu,
1304 3376 1409 3445 dum·

181 3482 295 3551 modo
319 3501 395 3551 non
420 3502 470 3553 ex
487 3503 582 3573 vaga
593 3484 722 3573 aliqua
740 3483 927 3569 relatione,
944 3482 1011 3553 sed
1024 3504 1046 3553 a
1060 3483 1232 3570 personis
1254 3484 1408 3552 minime

179 3590 363 3678 suspectis
379 3591 551 3679 proprias
573 3589 854 3661 informationes
878 3608 921 3659 se
944 3590 1119 3659 hausisse
1143 3594 1330 3659 testentur.
1348 3589 1408 3659 lsti

179 3704 292 3769 testes
318 3710 428 3769 erunt
458 3698 720 3788 interrogandi,
747 3707 873 3768 utrum
898 3699 994 3768 bene
1017 3698 1269 3787 cognoverint,
1293 3716 1406 3784 quem

180 3812 372 3877 mortuum
396 3812 572 3877 asserunt
585 3826 594 3895 ;
619 3826 695 3895 quo
726 3818 906 3895 tempore,
934 3824 1010 3894 quo
1034 3805 1116 3874 loco
1140 3823 1245 3873 mors
1271 3805 1409 3874 accide

180 3916 246 4001 rit;
270 3934 344 4003 qua
370 3914 417 3983 de
440 3933 558 3984 causa
578 3934 586 4001 ;
611 3915 674 3983 ubi
698 3916 861 3985 cadaver
883 3915 1092 4002 sepultum,
1118 3919 1245 3983 utrum
1275 3912 1407 4000 adsint,

180 4030 216 4092 et
238 4022 302 4091 ubi
325 4029 607 4092 commorentur
623 4023 691 4109 alii,
708 4024 770 4111 qui
787 4022 834 4091 de
857 4022 931 4091 hoc
946 4019 1042 4091 tacto
1066 4022 1233 4091 instructi
1255 4020 1329 4088 sint
1344 4032 1409 4091 aut

180 4146 265 4198 esse
289 4129 443 4215 possint.
467 4127 525 4198 Ab
549 4128 617 4197 illis
641 4148 741 4213 vero,
766 4129 829 4217 qui
852 4147 903 4198 ex
923 4129 1082 4197 aliorum
1099 4127 1275 4197 relatione
1297 4127 1408 4214 depo

178 4245 282 4321 nunt,
307 4236 377 4306 erit
399 4254 549 4325 quoque
580 4236 855 4323 inquirendum,
887 4255 909 4306 a
940 4235 1077 4323 quibus
1102 4235 1193 4304 tales
1217 4234 1409 4303 hauserint

180 4343 347 4430 notitius3
371 4362 393 4412 a
417 4361 495 4431 quo
519 4348 687 4430 tempore
717 4340 819 4413 lama
841 4343 888 4411 de
913 4352 1033 4412 morta
1057 4341 1200 4430 vulgari
1225 4342 1405 4430 coeperit;

178 4454 220 4519 et'
238 4448 326 4538 quid
351 4450 419 4537 ipsi
436 4452 597 4521 sentiant
613 4450 659 4519 de
675 4450 855 4537 probitate
871 4454 907 4518 et
922 4449 1160 4519 credibilitate
1183 4466 1327 4537 eorum,
1344 4450 1407 4538 qui

180 4555 349 4642 primitus
373 4556 420 4625 de
444 4575 484 4626 re
508 4558 680 4627 istasunt
704 4556 866 4644 loquuti,
889 4561 1016 4625 utrum
1034 4555 1090 4624 isti
1107 4554 1332 4642 peculiarem
1349 4554 1409 4624 ali·

180 4680 296 4750 quam
321 4663 502 4733 rationem
536 4663 733 4734 habuerint
754 4674 821 4733 aut
851 4663 992 4734 habere
1015 4662 1210 4751 potuerint,
1235 4670 1276 4732 ut
1295 4662 1407 4733 talem

260 4787 411 4832 Murranum.
426 4790 463 4831 De
476 4789 688 4840 Impedtmentts.
1328 4786 1355 4830 ἵε
