3509 5317
736 520 913 579 ..251-

215 658 466 728 instructionis
482 657 551 726 dici
570 662 614 728 22
636 661 783 754 augusti
802 663 891 732 1840
915 679 944 727 s.
962 661 1074 732 huius
1099 662 1402 750 Congregationis
1420 664 1443 750 ¹,

215 767 436 871 praesertim
461 768 586 853 quoad
610 767 864 838 solemnitates
887 789 985 856 quae
1008 770 1057 839 ad
1081 776 1251 839 actorum
1283 771 1444 840 validita-

213 879 302 959 tem,
327 875 361 942 vi
386 873 574 961 praefatae
598 876 883 959 Constitutionis,
909 878 1160 965 requiruntur.
1185 879 1254 963 Sic,
1280 885 1320 949 ut
1341 897 1444 965 prae·

212 984 325 1067 cipua
349 983 580 1070 delibemus,
606 984 693 1052 nihil
717 985 1009 1056 desiderandum
1044 1005 1131 1056 esse
1166 985 1312 1055 videtur
1346 986 1442 1055 cirea
1476 1005 1479 1012 ·

213 1109 440 1177 expressam
465 1091 744 1178 deputationem
761 1092 892 1161 iudicis
908 1112 976 1163 seu
992 1094 1170 1178 iudicum,
1187 1094 1251 1179 qui
1271 1092 1444 1164 facultate

214 1197 398 1283 pollerent
431 1198 678 1285 procedendi,
702 1199 887 1269 iudicandi
913 1218 957 1268 ac
980 1199 1204 1269 decernendi
1229 1202 1327 1269 hanc
1354 1219 1445 1270 cau·

212 1324 321 1393 sam;
346 1308 444 1375 circa
467 1306 784 1388 constitutionem,
808 1307 1082 1393 iuramentum,
1109 1308 1362 1377 adsistentiam
1385 1307 1445 1375 de·

215 1412 375 1482 tonsoris
398 1414 620 1483 matrimonii
646 1434 696 1484 ex
718 1414 840 1484 officio
865 1416 901 1482 in
925 1415 1090 1503 quolibet
1112 1421 1197 1484 actu
1221 1415 1378 1485 iudiciali
1410 1424 1446 1485 et

212 1523 390 1590 examine
414 1523 561 1591 testium
588 1522 655 1608 (cit.
683 1523 805 1591 Const.
833 1523 1027 1609 §gra-7).
1064 1522 1191 1592 itidem
1219 1524 1284 1592 rite
1301 1524 1444 1619 ,exami-

213 1629 290 1697 nati
315 1627 464 1698 luerunt
486 1630 677 1717 coniuges
702 1630 764 1717 qui
789 1637 825 1699 et
848 1649 893 1699 ea
916 1650 1015 1717 quae
1039 1630 1362 1700 extraiudicialiter
1385 1631 1445 1698 de-

214 1745 429 1824 posuerant,
455 1737 587 1825 pauois
611 1738 746 1806 rectius
771 1737 960 1825 expositis,
978 1738 1175 1807 iuramenti
1194 1738 1370 1827 religione
1386 1738 1464 1805 ite-2

216 1852 297 1915 rato
319 1845 527 1914 firmarunt.
552 1845 724 1915 Similiter
747 1846 807 1915 alii
831 1850 944 1915 testes
968 1848 1030 1934 qui
1056 1846 1206 1933 reperiri
1233 1851 1441 1933 potuerunt,

214 1966 252 2024 et.
274 1959 353 2023 tum
376 1974 397 2022 a
422 1962 664 2041 procuratore
687 1956 858 2042 ipsorum
893 1955 1096 2041 coniugum
1132 1955 1199 2023 rite
1233 1955 1443 2040 constituta,

213 2071 295 2130 tum
320 2062 368 2129 ab
394 2080 468 2129 uno
493 2061 666 2131 etaltera
691 2061 916 2130 matrimonii
945 2058 1141 2130 defensore
1175 2060 1334 2146 inducti,
1361 2080 1445 2129 exa·

215 2170 342 2237 minati
365 2167 515 2238 luerunt
537 2170 610 2238 sub
634 2144 791 2256 duplicis
816 2168 1011 2237 iuramenti
1038 2168 1196 2237 vinculo.
1222 2169 1261 2236 ln
1287 2169 1443 2237 unove}
1472 2178 1474 2183 ⁴

215 2277 287 2347 alio
306 2282 447 2348 tantum
466 2290 722 2364 cosdumam
748 2275 930 2361 intererat
956 2274 1139 2345 deiecisse
1155 2274 1358 2346 dolendum
1377 2280 1442 2344 est.

215 2385 285 2469 Sic,
312 2397 351 2452 ut
373 2403 493 2452 unum
520 2385 632 2453 modo
656 2390 820 2472 tangam,
844 2400 919 2451 non
937 2382 1147 2471 intelligitur
1163 2401 1232 2452 cur
1247 2382 1393 2470 primus
1409 2389 1445 2450 et

214 2490 307 2561 alter
330 2491 554 2560 matrimonii
578 2489 753 2560 defensor
774 2490 953 2560 iudicium
978 2489 1158 2578 septimae
1181 2507 1317 2558 munus
1341 2489 1443 2558 nullo

215 2604 325 2688 pacto
348 2600 617 2687 requisiverint,
642 2599 817 2686 quamvis
841 2600 885 2667 H.
903 2600 939 2669 S.
957 2598 994 2668 C.
1018 2599 1054 2664 in
1073 2598 1182 2666 citata
1198 2598 1447 2667 instructione.

214 2727 285 2795 pro
309 2707 485 2775 omnibus
519 2706 665 2790 causis,
690 2726 788 2794 quae
823 2706 1048 2775 matrimonii
1084 2704 1297 2775 firmitatem
1335 2707 1445 2791 respi-

213 2814 326 2897 ciunt,
351 2813 438 2883 illud
464 2813 783 2882 indiscriminatim
818 2813 1069 2899 praescribat,
1095 2813 1175 2882 licet
1198 2814 1375 2900 primario
1408 2814 1443 2880 in

215 2921 286 2988 illis
310 2922 442 3009 exigat,
467 2941 565 3009 quac
588 2939 637 2990 ex
660 2921 779 3008 capite
802 2920 1041 3006 impotentiae
1058 2929 1221 3008 aguntur
1239 2918 1261 2987 ².
1288 2921 1367 2989 Hoc
1383 2942 1446 2990 au·

214 3036 290 3097 tem
316 3046 477 3097 examen
502 3034 647 3115 septem
670 3028 819 3097 testium
843 3028 892 3098 ab
917 3047 1003 3114 unc,
1021 3026 1248 3116 totidemque
1264 3030 1314 3097 ab
1329 3028 1445 3097 altero

213 3135 375 3224 coniuge
398 3134 635 3204 inductorum
660 3155 709 3205 ex
732 3154 866 3204 eorum
890 3137 1109 3223 propinquis
1134 3136 1191 3204 vel
1225 3136 1354 3204 vicinis
1386 3134 1447 3204 bo·
1534 3208 1540 3227 ‚

213 3262 288 3312 nae
313 3240 444 3328 lamae,
468 3262 544 3311 non
568 3261 703 3329 parum
729 3246 858 3313 iuvare
882 3249 1026 3330 poterat
1061 3243 1109 3312 ad
1144 3245 1443 3332 dignoscendum

213 3355 253 3419 et
275 3350 512 3420 veracitatem
535 3351 809 3437 depositionum
834 3351 1057 3419 eorumdem
1081 3353 1285 3439 coniugum
1311 3352 1443 3421 saltem

213 3477 266 3527 ex
290 3458 513 3544 credulitate,
531 3466 566 3528 et
581 3478 679 3546 quae
704 3459 836 3526 mentis
854 3458 1003 3526 latebris
1020 3458 1125 3528 facile
1141 3459 1255 3530 latere
1273 3467 1444 3548 possunt,

212 3585 389 3653 quaeque
412 3567 642 3653 propinquis,
667 3566 798 3635 amicis
822 3566 881 3633 vel
906 3565 1036 3635 vicinis
1064 3568 1210 3653 aperire
1245 3568 1444 3641 dictitando

210 3672 335 3742 solent
358 3674 559 3761 coniuges,
579 3660 823 3744 'dissidiorum
860 3674 1079 3762 praesertim
1117 3682 1296 3763 tempore.
1325 3677 1444 3745 -Sed

212 3782 289 3850 hoc
312 3789 348 3850 et
369 3782 501 3851 similia
526 3782 632 3851 sicuti
656 3782 889 3851 iudicialibus
913 3783 1004 3851 actis
1027 3782 1229 3853 nullitatem
1256 3803 1330 3852 non
1350 3784 1470 3873 inge?

210 3894 304 3957 runt
319 3886 352 3974 ⁸;
376 3890 422 3958 ita
448 3908 517 3958 nec
540 3889 848 3959 substantialibus
873 3890 984 3959 buius
1008 3909 1147 3960 causae
1179 3890 1355 3962 officiunt.
1381 3896 1447 3963 De-

210 3996 418 4083 positiones
433 3997 532 4066 enim
550 3998 754 4089 coniugum
772 4016 816 4066 ac
832 3999 981 4065 testium
1007 3998 1244 4067 iurisiurandi
1269 4000 1445 4086 religione

207 4103 430 4189 inchoatae,
455 4102 666 4191 eodemque
689 4103 848 4173 solemni
872 4104 1020 4174 vinculo
1051 4105 1268 4192 absolutae,
1293 4108 1444 4177 abunde

284 4346 291 4381 ¹
315 4344 379 4407 (lfr.
403 4346 432 4404 in
455 4347 629 4423 Appendiee
652 4350 692 4400 2⁶
714 4348 791 4405 hanc
814 4348 845 4409 S.
868 4348 901 4409 G.
924 4348 1055 4406 Concilii
1078 4335 1324 4411 instructionem.

283 4444 294 4480 ²
317 4444 380 4507 Otr.
403 4446 434 4502 in
457 4444 631 4521 Appendice
654 4444 692 4498 θα
713 4445 766 4505 cit.
788 4445 1033 4509 instructionem.

281 4543 292 4579 ³
315 4541 380 4603 err.
405 4543 436 4602 iu
452 4542 589 4619 Append.
620 4542 654 4596 [a
675 4543 729 4602 cit.
752 4548 849 4601 coust.
869 4544 929 4601 Dei
950 4546 1162 4603 mr'reratione
1183 4545 1202 4619 ᾗ
1225 4546 1309 4607 raet
1331 4548 1383 4609 cit.
1399 4548 1446 4605 in·

206 4642 428 4704 structionem.
