3509 5317
1766 485 2121 545 ..424-

721 622 913 706 plius
961 626 1237 694 habere
1283 623 1567 708 dixerit,
1618 623 1889 694 auditis
1935 625 2145 711 prius
2178 624 2428 711 mod0‚
2462 643 2614 712 quo
2660 643 2894 711 supra
2944 623 3177 692 decla-

721 742 965 798 ratum
1017 742 1158 814 eat,
1208 731 1580 819 aliquibus
1624 733 1800 801 viris
1848 733 1919 800 in
1972 732 2269 801 scientia
2323 732 2505 801 iuris
2554 732 2833 818 peritis,
2884 738 3168 799 senten-

721 838 893 906 tiam
945 840 1479 926 pronunciabit,
1533 841 1783 911 omnia
1817 840 2213 927 servandO,
2265 859 2461 928 quae
2497 857 2632 926 pro
2668 837 3014 908 tribunali
3043 837 3173 924 pri-

721 966 889 1014 mae
941 946 1323 1018 instantiae
1371 949 1826 1036 praescripta
1875 947 2195 1018 fuerunt.

853 1058 961 1126 ΕΞ,
1009 1055 1324 1138 Quando
1373 1063 1690 1144 utraque
1738 1057 2097 1125 sententia
2162 1053 2569 1124 conformis
2618 1070 2754 1142 pro
2806 1051 3173 1124 validitate

721 1166 1013 1250 coniugi
1065 1165 1528 1250 pronuntiata
1581 1165 1692 1250 sit,
1754 1164 1940 1235 sciat
1998 1168 2248 1233 tamen
2299 1181 2478 1250 pars
2525 1163 2983 1251 impugnans
3033 1181 3176 1230 ma·

721 1270 1170 1356 stimonium,
1234 1272 1370 1340 sibi
1433 1272 1682 1341 adhuc
1751 1272 2059 1340 omnino
2129 1277 2384 1358 patere
2454 1270 3031 1358 appellationem
3080 1270 3169 1338 ad

721 1378 1225 1462 apostolicam
1258 1378 1553 1448 Sedem.
1588 1378 1660 1447 Si
1695 1396 1919 1464 porro
1953 1379 2023 1446 in
2050 1377 2381 1447 secunda
2432 1396 2673 1465 aeque
2718 1395 2808 1446 ac
2833 1376 2904 1443 in
2937 1377 3172 1464 prima

721 1486 1073 1554 sementia
1133 1486 1414 1555 nullum
1467 1504 1557 1556 ac
1605 1487 1889 1555 irritum
1958 1485 2519 1555 matrimonium
2570 1485 2977 1554 iudicatum
3034 1482 3174 1554 fue-

721 1598 825 1678 rit,
877 1602 945 1662 at
993 1597 1085 1662 ab
1137 1614 1220 1664 aa
1270 1614 1447 1682 pars
1483 1595 1597 1664 vel
1631 1592 1981 1664 defensor
2017 1613 2155 1682 pro
2190 1614 2325 1664 sua
2363 1594 2812 1664 conscientia
2838 1612 2991 1661 non
3034 1611 3176 1661 cre-

721 1702 981 1770 diderit
1029 1700 1580 1787 appellandum,
1632 1701 1704 1768 in
1754 1707 2114 1789 potestate
2164 1708 2236 1771 et
2282 1701 2581 1791 arbitrio
2629 1700 3041 1788 coniugum
3091 1699 3191 1796 sit

721 1830 958 1878 not-*aa
1009 1811 1304 1894 nuptias
1350 1810 1811 1897 contrahere,
1862 1809 2279 1879 dummodo
2328 1809 2545 1878 alicui
2595 1826 2857 1877 eorum
2911 1807 3012 1876 ob
3066 1807 3179 1876 ali·

721 1918 921 2002 quad
977 1917 1589 2006 impedimentum
1625 1917 1740 1987 vel
1778 1918 2178 2005 legitimam
2214 1935 2528 1986 causam
2563 1915 2635 1984 id
2684 1916 2992 1986 vetitum
3029 1933 3173 1984 non

721 2030 829 2094 ait.
885 2030 1217 2094 Pataatas
1271 2031 1525 2096 tamen
1579 2033 1749 2113 post
1808 2025 2118 2095 alteram
2183 2024 2626 2094 sententiam
2688 2022 3175 2109 conformem,

725 2142 801 2202 ut
853 2154 1105 2222 aupra,
1176 2125 1619 2220 coniugibus
1676 2131 1865 2203 facta
1925 2133 2390 2221 intelligatur,
2457 2132 2669 2201 salvo
2737 2149 3044 2217 semper
3111 2137 3177 2200 et

721 2242 941 2310 firmo
993 2235 1417 2310 remanente
1451 2241 1611 2310 iure
1644 2260 1780 2310 seu
1816 2241 2198 2328 privilegio
2232 2258 2640 2310 causarum
2685 2238 3181 2308 matrimonia·

725 2350 921 2430 lium,
981 2368 1175 2434 [fuae
1236 2347 1334 2416 ob
1389 2348 1911 2435 cuiuscunque
1973 2347 2332 2434 temporis
2394 2346 2689 2434 lapsum
2755 2362 3175 2432 numquam

725 2466 1113 2526 transeunt
1165 2455 1236 2522 in
1287 2473 1446 2524 rem
1512 2456 1951 2542 iudicatam3
2009 2455 2141 2524 sed
2208 2455 2269 2522 si
2326 2473 2527 2522 nova
2582 2472 2725 2539 rea,
2770 2453 2984 2540 :quae
3031 2471 3171 2521 non

721 2562 1033 2632 deducta
1097 2562 1205 2632 vel
1269 2563 1602 2652 ignorata
1654 2561 1889 2648 fuerit,
1948 2563 2356 2650 detegatur,
2410 2562 2692 2630 resumi
2741 2565 3063 2648 possunt
3107 2565 3174 2628 et

725 2690 989 2738 rura-,ua
1037 2670 1105 2738 in
1159 2669 1569 2740 iudicialem
1625 2671 2214 2739 controversiam
2266 2669 2622 2740 revocari.
2678 2667 2962 2748 Quodsi
2996 2688 3037 2736 a
3078 2685 3179 2735 se-

725 2778 969 2846 cunda
1021 2778 1380 2847 a-antentia
1430 2797 1664 2865 super
1712 2776 2043 2847 nullitate
2090 2777 2205 2845 vel
2261 2776 2490 2846 altera
2538 2793 2713 2863 pars
2762 2774 3174 2862 appellave-

725 2890 829 2966 rit,
861 2890 973 2956 val
1009 2886 1356 2955 [lal’ensor
1389 2887 1837 2956 matrimonii
1870 2885 1934 2954 ei
1967 2886 2178 2954 salva
2212 2884 2656 2953 conscientia
2708 2882 3176 2970 acquiescen-

725 2994 905 3062 dum
957 3014 1105 3062 non
1157 2999 1378 3081 putet,
1428 2995 1599 3081 quia
1632 2993 1769 3063 sibi
1808 2992 1922 3062 vel
1960 2990 2346 3062 manifeste
2394 2992 2656 3060 iniusta
2708 2988 2825 3059 vel
2886 2989 3178 3059 aliunde

725 3102 1049 3170 invalida
1085 3099 1435 3185 videatur,
1476 3099 1554 3169 re
1587 3105 1732 3169 tota
1773 3100 1866 3169 ad
1903 3100 1973 3169 S.
2016 3098 2286 3168 Sedem
2317 3098 2584 3184 delata,
2633 3095 2929 3164 interim
2962 3093 3173 3163 firma

729 3218 1109 3274 rann-„ineat
1174 3208 1464 3295 utrique
1522 3207 1820 3295 coniugi
1876 3205 2268 3294 prohibitio
2341 3204 2435 3275 ad
2499 3204 2686 3275 alias
2747 3198 3174 3272 transeundi

729 3318 1041 3402 HUIJUHS„

1599 3560 1846 3630 PARS
1894 3561 2302 3628 ALTERA.

1630 3811 1927 3860 TITULUS
1976 3810 2273 3860 SEXTUS.

1085 3994 1198 4060 De
1245 3991 1521 4082 reyalis
1554 3990 1950 4060 servandis
1983 3990 2058 4058 in
2110 3988 2531 4059 tractandis
2564 3986 2813 4058 causis

1394 4098 2072 4169 matrimonialibus
2121 4097 2196 4166 in
2245 4097 2504 4187 specie.

865 4282 1163 4350 Praetar
1213 4283 1573 4352 hactenus
1620 4283 2023 4351 recensitas
2058 4279 2361 4366 regulas
2408 4280 2477 4345 in
2529 4277 2887 4347 omnibus
2932 4276 3173 4345 causis

737 4390 1400 4460 tnatrInismialibus
1446 4390 1854 4477 generatim
1905 4386 2340 4473 servandaS,
2396 4392 2473 4454 ut
2520 4383 2823 4454 iuridica
2859 4383 2998 4452 illis
3043 4387 3179 4452 stet

737 4498 1109 4586 rafidim&
1157 4498 1528 4586 quaedam
1581 4499 1798 4568 etiam
1849 4495 2211 4583 speciales
2279 4513 2460 4582 prae
2509 4492 2745 4563 oculis
2794 4492 3177 4562 habendae

733 4614 905 4674 aunt
957 4606 1157 4674 iuxta
1210 4604 1661 4692 peculiarem
1709 4602 2415 4693 impedimentorum
2471 4606 2821 4669 naturam
2869 4605 2944 4670 et
2988 4598 3179 4667 indo·
