3509 5317
885 523 1023 580 „2-

337 660 465 731 talium
490 661 628 730 rituum
653 643 848 731 celebratis
872 664 908 730 et
931 659 979 728 ab
1003 659 1205 747 apostolica
1230 660 1327 729 Sede
1351 659 1573 730 solemniter

335 770 559 857 approbatis,
584 786 746 838 necnon
767 768 815 837 ab
831 766 1057 852 auctoribus,
1075 767 1138 853 qui
1154 767 1201 835 de
1218 767 1469 837 ecclesiastico
1485 769 1571 838 iure

338 877 584 964 moribusque
600 876 841 946 orientalibus
864 874 1126 962 disceptarunt,
1145 881 1321 963 excerpta
1337 894 1382 945 ac
1398 876 1572 964 deprom-

336 990 397 1072 pta
422 992 520 1055 sunt.

401 1095 433 1161 2.
458 1092 726 1179 Impedimenta
751 1108 864 1177 porro
889 1108 987 1177 quae
1012 1089 1180 1170 naturali,
1204 1090 1328 1159 divino
1345 1097 1381 1160 et
1397 1091 1573 1162 ecclesia·

336 1200 427 1267 stico
451 1197 531 1267 iure
556 1201 640 1284 post
663 1195 811 1266 Concilii
827 1196 1028 1267 Tridentini
1051 1200 1186 1266 statuta
1212 1197 1493 1266 matrimonium
1518 1199 1570 1267 di-

336 1307 485 1391 rimunt,
509 1305 615 1393 plura
641 1309 898 1390 numerantur,
924 1305 1072 1375 attritis
1096 1305 1164 1373 illis
1181 1303 1376 1375 versiculis
1398 1325 1572 1394 compre·

336 1412 447 1482 hendi
471 1412 677 1482 inordinate
700 1412 906 1498 consuevit,
924 1430 1088 1499 quorum
1104 1413 1265 1482 initium:
1292 1414 1464 1500 «Error,
1485 1434 1569 1483 eon·

335 1518 439 1605 ditio,
459 1524 600 1605 cotum,
618 1518 803 1608 coenatio,
823 1517 963 1602 crimen
979 1541 1010 1586 ».
1035 1521 1085 1589 Ut
1099 1521 1209 1609 igitur
1225 1521 1344 1590 ordini
1360 1526 1396 1591 et
1412 1522 1568 1592 claritati

335 1626 566 1706 consulatur,
591 1644 635 1695 ac
659 1625 860 1711 praecipua
885 1625 1092 1696 eorundem
1118 1626 1261 1696 eluceat
1284 1626 1565 1712 impedimento·

335 1750 421 1801 rum
445 1733 546 1819 ratio,
571 1751 615 1801 ea
640 1731 688 1800 ad
712 1737 873 1819 quatuor
897 1733 1028 1820 capita,
1054 1734 1155 1802 iuxta
1175 1733 1433 1803 recensionem
1450 1755 1471 1805 a
1490 1737 1570 1823 qui-

336 1840 497 1910 busdam
522 1839 569 1910 de
585 1841 764 1909 canonico
784 1841 864 1909 iure
889 1841 1131 1928 scriptoribus
1154 1841 1338 1928 traditam,
1365 1861 1569 1922 revocasse

335 1955 589 2036 opportunum
614 1947 737 2016 visum
763 1954 828 2017 est.

393 2055 482 2126 ‘Alia
506 2057 628 2143 itaque
654 2055 919 2143 impedimenta
945 2055 1225 2123 matrimonium
1249 2055 1427 2124 dirimunt

283 2160 285 2168 '
449 2162 492 2230 1⁰.
517 2182 566 2232 ex
590 2160 734 2232 defectu
758 2181 990 2247 consensus,
1013 2161 1083 2231 alia

444 2272 492 2338 2⁰.
517 2267 734 2338 exdefectu
757 2281 931 2355 naturae;
956 2268 1026 2339 alia
1126 2340 1129 2344 ,

444 2374 490 2446 3⁰.
516 2396 564 2445 ex
581 2375 786 2447 reverentia
800 2377 966 2464 quadam
980 2377 1073 2447 inter
1084 2378 1317 2465 propinquos
1329 2380 1469 2466 optimo
1481 2378 1567 2449 iure

335 2486 540 2571 servanda;
564 2485 636 2556 alia
660 2484 821 2572 denique

445 2595 491 2662 4⁰.
516 2594 574 2662 Ex
586 2593 703 2680 ipsius
716 2593 941 2663 sacramenti
959 2592 1220 2682 religionisque
1232 2594 1434 2680 sanctitate,
1447 2613 1563 2681 quam

335 2699 457 2770 colere
480 2710 516 2769 et
540 2699 660 2769 vereri
683 2718 780 2787 opus
804 2707 870 2769 est.

401 2808 481 2875 Hoc
511 2811 636 2876 autem
666 2805 797 2876 ordine
827 2807 1021 2876 distributa
1051 2806 1316 2894 impedimenta
1347 2808 1450 2877 hisce
1484 2808 1569 2878 aliis

334 2916 452 2986 satius
475 2914 708 2984 continentur
732 2914 946 2984 versiculis:

349 3039 352 3046 ·
404 3019 483 3089 «1⁰.
515 3022 704 3091 Personae
743 3041 788 3091 ac
822 3028 942 3092 status
980 3039 1102 3108 error,
1138 3039 1247 3090 mens
1282 3022 1474 3110 simulata,
1509 3022 1526 3091 f
1554 3062 1568 3072 ·

336 3146 546 3215 arensque,

403 3236 513 3321 «Vis,
539 3242 759 3323 raptusque;
782 3237 830 3304 2².
847 3236 1080 3323 impubertas
1103 3241 1138 3303 et
1161 3235 1281 3306 debile
1305 3255 1459 3324 eorpus;

403 3343 482 3412 «3⁰.
508 3343 626 3429 Stirps
649 3347 808 3431 cognata
834 3342 893 3411 vel
917 3342 1050 3428 affinis,
1075 3342 1263 3429 sponsalis
1286 3345 1483 3430 honestes3

403 3451 484 3518 «4⁰.
502 3450 636 3535 Dispar
659 3448 782 3519 cultus
806 3454 842 3517 et
865 3448 958 3517 ordo
983 3468 1100 3535 sacer,
1125 3447 1308 3537 professio
1333 3451 1496 3536 claustri,

403 3556 549 3625 «Stans
571 3553 713 3639 foedus,
739 3554 798 3625 vel
822 3555 1096 3625 clandestinum
1120 3563 1157 3626 et
1179 3557 1337 3625 crimina
1359 3557 1444 3626 bina

403 3661 649 3748 «Impediunt
671 3680 833 3748 semper,
857 3661 1110 3749 dirimuntque
1133 3662 1268 3751 iugalia
1293 3663 1415 3732 vincla
1430 3684 1464 3729 ».
