3509 5317
1786 526 1862 540 -
1910 494 2142 553 162—
3481 445 3489 499 ἶ

744 628 818 695 in
889 645 979 699 eo
1027 648 1179 699 non
1227 628 1514 700 dederit
1579 630 1826 700 eidem
1871 630 2249 702 Ecclesiae
2318 633 2657 702 variandi
2701 631 3142 703 facultatem
3182 635 3228 702 ¹.

745 739 929 810 Curn
981 744 1235 809 autem
1283 737 1703 808 dirimentia
1768 737 2244 809 ecclesiastici
2291 739 2474 808 iuris
2529 739 3077 827 impedimenta
3125 742 3231 812 ab

747 845 1147 917 universali
1194 846 1358 934 lege
1403 846 1703 915 inducta
1752 845 1915 934 sint,
1950 863 2280 934 cumque
2327 847 2766 918 universam
2797 848 3226 918 Ecclesiam

744 957 1254 1041 repraesentet
1288 956 1686 1023 Romanus
1715 951 2057 1024 Pontifex
2088 959 2162 1024 et
2190 954 2543 1043 generale
2573 954 3003 1041 Concilium,
3043 956 3230 1024 hinc

744 1084 896 1135 non
949 1065 1041 1132 'in
1090 1063 1404 1152 singulis
1449 1063 1857 1149 Episcopis,
1907 1061 2042 1131 sed
2115 1063 2189 1131 in
2252 1081 2405 1132 uno
2452 1064 2802 1132 Romano
2855 1061 3230 1133 Pontiflce

744 1170 862 1239 vel
912 1169 1394 1240 oecumenica
1443 1170 1750 1257 Synodo
1810 1168 2083 1239 residet
2130 1174 2459 1255 potestas
2524 1169 2941 1239 dirimentia
2989 1169 3233 1240 eccle-

744 1278 1013 1348 siastici
1064 1279 1244 1347 iuris
1293 1277 1828 1364 impedimenta
1873 1296 2073 1346 nova
2119 1276 2512 1362 statuendi,
2561 1283 2632 1346 et
2680 1279 2830 1346 iam
2884 1279 3225 1349 extantia

744 1387 1178 1476 abrogandi,
1229 1385 1703 1468 reformandi,
1753 1384 2237 1472 dispensandi
2270 1384 2315 1448 ².
2365 1421 2407 1434 -
2456 1387 2704 1466 Quare
2766 1386 2954 1456 haec
3024 1387 3232 1474 prin·

744 1495 934 1581 cipia
982 1491 1374 1563 statuenda
1427 1500 1636 1562 sunt:

877 1603 942 1669 2.
993 1598 1294 1667 Primo:
1366 1621 1404 1664 <1
1465 1616 1821 1668 summus
1888 1597 2229 1668 Pontifex
2297 1600 2737 1687 dispensare
2806 1607 3054 1688 potest
3124 1603 3230 1672 ab

745 1709 1100 1778 omnibus
1130 1697 1680 1794 impedimentis
1710 1706 1874 1775 solo
1907 1708 2067 1776 iure
2099 1707 2600 1778 ecclesiastico
2650 1709 3227 1779 matrimonium

745 1816 1293 1902 dirimentibus3
1343 1820 1416 1884 et
1459 1814 1765 1903 quidem
1838 1813 2082 1883 aalide
2129 1815 2200 1882 in
2249 1818 2455 1885 omni
2509 1835 2695 1886 casu
2711 1835 2729 1903 3
2771 1814 2965 1886 licite
3010 1817 3079 1884 si
3129 1818 3197 1885 i-

746 1929 865 1993 sta
907 1924 1003 1994 de
1034 1942 1265 1993 causa
1312 1923 1711 2010 dispenset,
1748 1917 1969 2009 prout
2015 1928 2217 1992 recta
2251 1923 2693 2011 gubernatio
2745 1925 3145 2013 requirit».
3178 1963 3227 1975 -

747 2033 959 2103 Ratio
1019 2036 1236 2120 patet,
1287 2031 1460 2117 quia
1508 2049 1596 2099 ea
1645 2029 2178 2116 impedimenta
2227 2030 2530 2101 inducta
2598 2036 2777 2100 sunt
2820 2032 3223 2101 communi

745 2141 925 2226 iure,
974 2140 1046 2207 in
1093 2156 1245 2227 quo
1292 2155 1647 2207 summus
1695 2141 1980 2206 tanturn
2031 2136 2405 2207 Ecclesiae
2437 2138 2816 2226 Superior,
2850 2157 3221 2226 suprema

745 2250 1107 2332 potestate
1156 2242 1430 2331 ligandi
1500 2250 1722 2331 atque
1771 2243 2109 2313 solvendi
2156 2263 2198 2314 a
2251 2243 2539 2314 Christo
2610 2244 3014 2332 praedituS,
3067 2245 3221 2313 dis·

747 2371 1069 2441 pensare
1115 2358 1379 2438 potest.

884 2457 1261 2528 Secundo:
1313 2478 1351 2521 <1
1382 2457 1794 2545 Episcopus
1858 2458 2297 2545 dispensare
2366 2459 2621 2546 nequit
2687 2457 3080 2528 ordinarie
3147 2464 3226 2528 et

744 2568 837 2638 de
905 2570 1068 2636 iure
1130 2565 1448 2656 proprio
1518 2565 1589 2633 in
1654 2565 2206 2652 impedimentis
2275 2564 2792 2634 dirimentibus
2824 2587 2861 2630 »
2900 2563 2946 2633 ⁸.
2998 2567 3223 2636 Ratio
3486 2485 3489 2635 Ι

745 2683 859 2746 est
903 2676 1078 2764 quia
1124 2673 1494 2744 eiusmodi
1563 2672 2092 2759 impedimenta
2162 2672 2548 2741 communi
2617 2672 2778 2741 iure
2841 2673 3225 2742 matrimo-

744 2786 955 2854 nium
989 2785 1376 2867 dirirnunt;
1409 2783 1612 2869 atqui
1648 2782 1717 2849 in
1750 2782 2136 2851 communi
2171 2782 2350 2866 iure,
2386 2786 2748 2869 tanquam
2779 2782 2850 2849 in
2885 2780 3052 2870 lege
3083 2781 3224 2852 Su-

746 2892 1080 2981 perioris,
1114 2893 1368 2979 nequit
1414 2889 1731 2977 inferior,
1773 2888 2016 2977 qualis
2063 2895 2177 2959 est
2221 2889 2641 2975 Episcopus
2690 2904 3039 2975 respectu
3088 2891 3225 2958 Pa·
3484 2843 3486 2983 l

746 3017 889 3088 pae
959 2999 1078 3069 vel
1125 2992 1441 3085 concilii,
1489 2999 1931 3085 dispensare
1999 2997 2138 3065 nisi
2186 3015 2284 3066 ex
2353 2997 2844 3066 concessione
2912 2995 3218 3065 Concilii

745 3105 1118 3195 generalis
1163 3105 1280 3173 vel
1328 3107 1600 3192 Papae,
1634 3110 1766 3175 aut
1809 3122 1909 3174 ex
1951 3103 2270 3193 legitima
2321 3102 2884 3173 consuetudine.
2917 3104 3224 3191 Episco-

745 3214 862 3301 pis
908 3219 1157 3283 autem
1229 3213 1432 3282 nulla
1496 3231 1595 3282 ex
1642 3212 1760 3280 his
1806 3212 2219 3281 rationibus
2286 3210 2747 3299 suffragatur
2802 3228 2938 3299 pro
3009 3229 3218 3281 asse-

746 3320 981 3390 rendo
1037 3320 1178 3389 sibi
1224 3316 1612 3388 ordinario
1661 3319 1822 3388 iure
1878 3317 2366 3406 dispensandi
2435 3319 2508 3386 in
2579 3317 3036 3405 quibusdam
3086 3318 3221 3385 im·

746 3427 1190 3515 pedimentis
1255 3427 1777 3496 dirimentibus
1844 3425 2176 3514 publicis,
2227 3434 2310 3495 ut
2373 3444 2474 3494 ex
2526 3443 2917 3494 sacrarum
2982 3424 3217 3495 Urbis

882 3640 900 3677 ¹
945 3639 1176 3698 Verum
1237 3657 1354 3716 quo
1417 3639 1492 3698 ad
1536 3639 2078 3716 dispensationem,
2129 3657 2235 3698 seu
2277 3643 2650 3717 potestatem
2701 3639 2909 3715 Papae
2951 3637 3215 3698 tollendi

745 3737 1189 3814 obligationem
1253 3738 1407 3797 iuris
1451 3738 1648 3797 divini
1704 3741 1769 3798 et
1813 3738 2122 3798 naturalis
2183 3738 2249 3797 in
2292 3757 2453 3797 casu
2517 3740 2744 3814 aliquo
2805 3737 3089 3811 speciali
3130 3754 3218 3795 ex

745 3838 1017 3909 uryenti
1055 3853 1284 3902 causa,
1325 3840 1575 3913 praeter
1617 3853 1690 3896 ea
1732 3853 1889 3913 quae
1930 3836 2347 3913 superioribus
2409 3836 2717 3913 capitibus
2756 3834 2987 3913 passim
3045 3834 3217 3893 dicta
3479 3844 3480 3912 1

745 3938 912 4005 nunt,
959 3933 1098 3993 vide
1142 3934 1418 3994 Sanchez
1465 3935 1575 3994 lib.
1623 3934 1688 3993 8.
1736 3936 1907 4008 disp.
1957 3935 2021 3993 6.
2068 3951 2105 3992 a
2149 3952 2222 3993 n.
2275 3934 2333 3994 1.
2382 3934 2457 3993 ad
2509 3934 2618 3994 14.

876 4028 902 4066 ²
946 4028 1075 4088 cfr.
1147 4028 1459 4088 Benedict.
1514 4028 1663 4087 XIV
1725 4028 1807 4086 de
1865 4027 2126 4101 Synodo
2192 4028 2301 4087 lib.
2360 4025 2421 4087 9.
2468 4046 2613 4102 cap.
2665 4025 2731 4086 2.
2783 4044 2908 4086 nn.
2970 4025 3125 4086 1-3.
3174 4055 3218 4068 -

745 4126 969 4186 Devoti
1036 4126 1203 4184 [nst.
1265 4126 1583 4185 Canom'c.
1658 4126 1767 4185 lib.
1818 4124 1884 4185 2.
1932 4127 2029 4185 tit.
2090 4123 2158 4185 2.
2204 4133 2355 4185 sect.
2422 4122 2481 4184 9.
2535 4141 2602 4181 n.
2664 4122 2815 4183 116.
2879 4128 3010 4182 not.
3068 4121 3127 4180 1.
3179 4151 3213 4164 -

745 4222 980 4284 Concil.
1027 4222 1308 4283 Trident.
1355 4241 1510 4282 sess,
1558 4221 1671 4282 24.
1719 4241 1875 4282 can.
1927 4221 1987 4282 3.
2035 4226 2101 4282 et
2143 4222 2216 4282 4.
2259 4223 2339 4280 de
2381 4239 2666 4282 sacram.
2715 4221 3008 4278 matrim.

880 4320 905 4357 ⁸
949 4320 1081 4380 Gfr.
1132 4320 1408 4380 Sauchez
1462 4322 1570 4379 cit.
1625 4321 1733 4380 lib.
1795 4322 1861 4379 8.
1908 4321 2079 4396 disp.
2132 4320 2195 4380 7.
2262 4339 2331 4378 n.
2387 4320 2495 4381 14.
2542 4328 2604 4379 ec
2642 4337 2816 4394 seqq.
2883 4347 2929 4361 -
2968 4316 3218 4394 Episco-
3472 4331 3479 4382 ι

746 4436 854 4495 pos
898 4418 1253 4495 dispensare
1282 4423 1587 4496 potest-ac
1617 4419 1993 4495 delegationi
2026 4421 2091 4479 S.
2137 4418 2465 4478 Pontificio
2491 4434 2808 4495 expressa,
2854 4414 3076 4487 tacita,
3108 4411 3211 4472 vel
3475 4431 3476 4435 ¹

744 4522 1163 4595 praesumpta.
1215 4550 1281 4559 —
1331 4517 1463 4577 cfr.
1500 4517 1968 4590 Sebastianelli‚
2006 4518 2485 4577 Praelectiones
2516 4516 2596 4576 de
2639 4515 3086 4584 matrimonia,
3115 4513 3214 4573 zi-

744 4614 910 4686 teni,
956 4614 1050 4672 De
1093 4616 1722 4689 dispensatz‘om‘bm.
