3509 5317
1422 520 1778 581 ...253-

381 661 678 730 niorum
728 661 1276 748 Helvetiorum;
1322 698 1369 708 —
1415 679 1553 729 nec
1594 660 1893 730 obstare
1929 657 2341 746 praesumit
2371 662 2569 744 quod
2609 658 2837 722 Titius

381 769 942 837 matrimonium
990 769 1064 836 in
1113 768 1313 837 Italia
1381 769 1648 855 inierit,
1698 768 1769 835 in
1832 787 1978 855 qua
2043 765 2464 836 Tridentina
2533 766 2645 834 lex
2717 766 2838 830 l‘uii

380 875 514 943 rite
561 875 1058 962 promulgata,
1108 893 1282 943 cum
1332 875 1556 944 etiam
1614 874 1782 943 alibi
1844 872 2302 943 clandestina
2369 874 2829 940 matt-iinzmiu

381 980 929 1050 haereticorum
966 982 1281 1068 valeant,
1316 981 1443 1049 ubi
1475 981 1876 1051 Tridentini
1924 980 2307 1049 decretum
2341 976 2475 1047 fuit
2521 998 2621 1066 pan
2645 978 2841 1042 imul-

379 1092 643 1176 gatum
668 1107 686 1175 ;
734 1126 782 1135 —
829 1090 1137 1177 insuper
1184 1091 1378 1159 hanc
1426 1089 1499 1158 S.
1533 1090 1606 1158 C.
1641 1088 2069 1160 declarasse
2100 1088 2218 1156 die
2253 1087 2338 1155 16
2372 1086 2605 1154 martii
2649 1090 2837 1158 iffi-filii„

381 1194 1015 1264 dissimulandum
1079 1214 1248 1265 esse
1311 1195 1503 1264 circa
1556 1195 2206 1264 matrimoniorum
2254 1192 2677 1261 firmitatum
2749 1194 2841 1254 nli

383 1300 775 1371 haereticis
822 1303 1170 1372 initorum
1207 1304 1393 1371 inter
1422 1322 1527 1389 se,
1562 1321 1794 1390 quarn
1828 1300 2492 1371 dissimulationem
2553 1302 2837 1366 latr-itum

383 1408 794 1496 importare
839 1411 1457 1499 approbationem
1506 1410 1864 1493 affirmat,
1915 1415 1987 1478 et
2030 1409 2565 1478 communicari
2641 1410 2845 1490 isirin-i-

384 1514 661 1603 legium
715 1519 776 1587 si
825 1537 999 1587 curn
1050 1525 1260 1605 parte
1306 1519 1712 1605 catholica;
1760 1555 1807 1566 —
1854 1518 1970 1586 his
2017 1517 2478 1585 concordare
2509 1522 2849 1582 autumat.

387 1627 933 1696 declarationes
994 1644 1083 1696 ac
1145 1627 1667 1699 instructiones
1726 1626 1831 1693 Pii
1892 1624 2056 1693 VIII
2122 1635 2194 1693 et
2253 1624 2581 1711 Gregorii
2649 1626 2841 1698 XVI,

388 1735 518 1822 qui
565 1733 1024 1820 docuerunt,
1076 1734 1545 1804 matrimonia
1621 1734 1848 1803 mixta
1923 1733 2382 1802 clandestine
2449 1742 2845 1803 conum-tu,

390 1842 743 1929 quamvis
792 1842 1049 1929 illicita,
1099 1860 1269 1911 esse
1315 1846 1566 1912 tamen
1617 1841 1883 1927 valida,
1933 1846 2006 1910 et
2052 1840 2151 1908 uti
2188 1840 2355 1909 talia
2388 1839 2769 1910 habenula:
2809 1878 2846 1882 —

390 1949 756 2037 coniuges
802 1954 1184 2036 praeterea
1245 1949 1447 2019 aliud
1507 1949 1961 2018 domicilium
2028 1949 2098 2015 in
2163 1948 2486 2017 Ecclesia
2537 1970 2593 2014 e.
2637 1950 2849 2014 Ρι-ῃιι-

392 2057 567 2126 cisci
616 2057 1107 2143 acquisivisse
1153 2057 1419 2146 satagit
1462 2056 1879 2142 ostendere,
1930 2057 2100 2144 quia
2152 2074 2243 2123 eo
2291 2063 2451 2125 tum
2484 2058 2645 2122 Cultu
2693 2066 2845 2122 tutu

393 2164 626 2234 Titius
671 2155 1097 2251 frequenter
1164 2183 1249 2233 se
1318 2165 1789 2234 contulerant
1852 2165 2103 2232 animo
2167 2163 2622 2231 domicilium
2681 2166 2845 2230 inihi

394 2271 872 2358 acquirendi:
923 2272 1127 2341 hunc
1157 2273 1493 2343 animum
1529 2289 1756 2358 porro
1789 2271 1971 2340 satis
2002 2270 2364 2339 declarari
2394 2288 2617 2358 atque
2657 2292 2853 2354 μιᾙιι-

396 2380 598 2447 sumi
644 2373 856 2466 putat
900 2384 1058 2447 turn
1105 2398 1204 2448 ex
1248 2378 1442 2449 facto
1504 2383 1846 2465 receptae
1912 2377 2259 2465 nuptialis
2324 2378 2853 2446 benedis-timida

391 2479 497 2554 ab
544 2487 665 2553 illo
714 2489 1077 2574 parochO,
1128 2496 1287 2556 tum
1335 2505 1436 2555 ex
1480 2487 1900 2558 testimonio
1949 2485 2289 2554 eiusdem
2336 2486 2677 2572 pflPG¹L⁴lll.
2731 2486 2853 2570 qui

389 2594 473 2661 in
523 2592 708 2661 libro
758 2594 1404 2663 matrimoniorum
1453 2599 1784 2680 testatur,
1838 2599 2241 2679 utrumque
2287 2593 2681 2678 coniugum
2740 2594 2861 2654 ilri-

393 2699 759 2770 rnicilium
806 2702 878 2769 in
926 2721 1066 2773 sua
1115 2703 1472 2788 parochia
1518 2701 1918 2788 habuisse3
1965 2739 2012 2747 —-
2058 2708 2131 2770 et
2194 2700 2316 2769 ubi
2389 2701 2571 2770 haer
2645 2719 2857 2782 urun-

392 2815 653 2877 menta
705 2809 1130 2897 posthaberi
1178 2808 1419 2895 velint,
1473 2809 1807 2896 potuisse
1852 2808 2161 2877 demum
2197 2807 2469 2876 Titium
2505 2822 2573 2874 et
2609 2810 2853 2874 linium

395 2916 963 2985 matrimonium
1015 2917 1195 2985 inire
1242 2934 1500 2986 coram
1550 2915 1881 3003 quolibet
1925 2915 2257 3002 parocho
2305 2933 2404 2983 ex
2437 2933 2525 2983 eo
2561 2918 2861 2978 [immm-

395 3028 646 3091 strare
690 3028 1004 3091 conatur
1049 3022 1251 3110 quod
1300 3024 1535 3093 Titius
1580 3023 1678 3092 ab
1720 3022 2060 3103 ‚Helvetia
2098 3022 2453 3110 migrans,
2489 3022 2863 3087 hulissaum-

398 3146 580 3197 nem
629 3129 933 3217 quidem
984 3131 1325 3218 pluribus
1373 3133 1444 3199 in
1494 3131 1674 3199 locis
1708 3130 1983 3216 habuit,
2017 3130 2153 3198 sed
2185 3130 2330 3199 hac
2360 3127 2521 3198 illac:
2557 3130 2865 3194 riri-um-

399 3257 768 3326 cursanS,
820 3244 891 3308 et
961 3258 1329 3328 vagorum
1402 3238 1698 3308 vivendi
1770 3239 2131 3308 rationem
2202 3256 2448 3324 usque
2521 3238 2861 3306 radimus,

401 3347 663 3416 nullibi
714 3347 1172 3417 domicilium
1219 3347 1337 3416 vel
1385 3346 1601 3435 quasi
1648 3345 2102 3414 domicilium
2151 3344 2501 3413 statuisse
2565 3346 2865 3410 rutilum-

404 3457 596 3525 dum
646 3463 759 3524 est
805 3455 970 3542 (Cfr.
1003 3456 1237 3542 Alleg.
1272 3456 1436 3543 ΒΒ).

548 3567 652 3635 10.
702 3566 758 3633 Ε
806 3570 1062 3633 contra
1109 3563 1447 3649 ipsorum
1497 3561 1907 3648 coniugum
1948 3559 2231 3644 Orator,
2265 3556 2549 3625 nedum
2589 3562 2865 3642 paul-ia,

406 3673 549 3743 sed
580 3683 652 3744 et
681 3672 1058 3758 incompta
1091 3670 1444 3755 oratione,
1479 3666 1928 3738 matrimonii
1976 3663 2410 3733 huiusmodi
2457 3666 2861 3730 nulluuium

408 3783 596 3851 satis
642 3802 1027 3870 superque
1074 3791 1347 3870 patere,
1396 3780 1714 3863 ideoque
1756 3765 2386 3861 proclam-andam
2448 3791 2617 3841 &Sl-22²
2681 3774 2869 3838 illuti-

411 3893 619 3963 tabat
664 3893 782 3963 vel
829 3912 929 3962 ex
976 3894 1137 3980 ipso
1199 3890 1663 3961 substantiali
1731 3886 2022 3956 defectu
2089 3902 2509 3954 consensus
2581 3886 2665 3946 ml
2729 3902 2871 3946 um*

413 4007 861 4078 trimonium·
890 4024 988 4074 ex
1038 4011 1247 4092 parte
1277 4000 1517 4084 Gaiae,
1552 3997 1670 4067 vel
1703 4017 1803 4067 ex
1834 3993 2437 4066 clandestinitatis
2470 3994 2605 4058 viti:
2629 4022 2657 4066 ι,
2697 4014 2867 4058 run]

416 4117 679 4186 initum
726 4115 1029 4203 quidem
1081 4111 1300 4182 fuerit
1342 4128 1600 4179 coram
1651 4108 2003 4195 parocho,
2052 4106 2184 4174 sed
2235 4121 2387 4170 non
2421 4121 2673 4172 con-:uu
2717 4126 2873 4186 μω-

421 4226 580 4313 prio
630 4223 890 4311 (Alleg.
923 4221 1102 4308 AA).

554 4333 659 4399 11.
710 4332 967 4418 Itaque
1012 4329 1245 4398 iudex
1291 4325 1385 4396 ad
1433 4325 1880 4395 sententiam
1929 4323 2073 4391 hac
2120 4322 2191 4388 in
2240 4338 2472 4389 causa
2509 4318 2877 4406 prusia-au-

421 4438 597 4508 dam
648 4439 1055 4526 delegatuS‚
1108 4435 1495 4523 perpensis
1548 4432 1977 4518 libratisque
2030 4429 2199 4497 hinc
2248 4429 2419 4497 inde
2466 4430 2877 4495 raticmiluffi

426 4553 584 4617 tum
631 4568 673 4617 a
725 4544 1169 4615 matrimonii
1243 4541 1562 4627 vindice,
1612 4546 1772 4610 tum
1821 4558 1865 4608 a
1912 4523 2321 4625 coniugum
2392 4550 2877 4622 prul-uratur*-
