3509 5317
1326 542 1681 602 „339-

287 684 507 764 atque
556 678 720 748 ideo
770 677 863 746 de
912 677 1362 751 matrimonii
1411 677 1769 764 nullitate,
1819 678 2301 747 nihilominus
2346 679 2417 746 in
2456 697 2533 747 re
2564 684 2733 748 tanti

285 787 643 875 momenti
667 785 1421 857 cautelamadhibere
1446 784 1865 874 pontificiae
1889 784 2477 873 dispensationis
2506 805 2733 873 quam

286 895 500 965 etiam
552 895 790 964 actrix
840 894 1181 983 postulat,
1232 911 1461 978 super·
1512 893 1986 963 matrimonio
2033 898 2423 981 tamquam
2471 900 2631 964 rato
2666 904 2729 964 et

285 1022 429 1073 non
502 994 1049 1089 consummatO,
1100 1003 1288 1071 haec
1333 1000 1491 1088 ipsa
1543 1018 1601 1069 s.
1651 999 2140 1088 Congregatio
2200 1000 2296 1068 nil
2359 1003 2733 1090 antiquius

286 1111 540 1181 habuit
599 1111 670 1178 in
737 1109 1162 1178 huiusmodi
1225 1108 1493 1179 causis.
1567 1108 1645 1176 In
1724 1107 1837 1176 his
1905 1118 2181 1177 autem·
2222 1111 2733 1197 expendendis

285 1237 476 1306 quae
527 1236 662 1305 pro
712 1222 885 1285 voto
934 1216 1351 1286 consultivo
1400 1215 1906 1286 sacratissimo
1947 1215 2262 1304 Principi
2311 1215 2733 1292 exhibendo

284 1332 477 1396 recta
528 1325 992 1409 conducunt,
1043 1331 1201 1392 turn
1254 1323 1448 1393 idem
1500 1323 1617 1392 hic
1664 1341 1882 1392 sacer
1943 1324 2172 1410 Ordo,
2220 1331 2378 1395 turn
2427 1347 2729 1400 sacrum

285 1451 644 1519 romanae
693 1433 923 1500 Rotae
973 1422 1437 1500 Auditorium
1488 1437 1815 1518 quatuor
1863 1431 2330 1518 potissimum
2375 1440 2733 1522 quaestiu-

283 1560 464 1611 num
512 1541 759 1629 capita
803 1539 1297 1627 expendenda
1334 1538 1470 1607 sibi
1506 1558 1929 1627 proponere
1973 1540 2235 1610 solent.
2284 1545 2729 1632 Expendunt

283 1649 554 1719 scilicet
602 1652 670 1717 1⁰
720 1647 1144 1719 facultatem
1195 1666 1683 1717 romanorum
1736 1642 2176 1719 Pontificum
2229 1651 2298 1719 in
2348 1652 2553 1723 hisce
2598 1655 2733 1724 dis-

283 1756 842 1842 pensationibus
910 1755 1437 1842 concedendis;
1494 1795 1540 1804 -
1604 1754 1675 1825 2⁰
1724 1763 2163 1843 argumenta
2196 1812 2211 1841 ,
2260 1759 2537 1847 quibus
2583 1782 2729 1831 non

281 1873 536 1933 secuta
571 1863 1126 1932 consummatio
1161 1863 1741 1932 luculentissime
1792 1871 2068 1949 pateat3
2117 1901 2163 1912 -
2206 1865 2285 1932 3⁰
2319 1865 2552 1936 iustas
2584 1888 2737 1940 eas-

282 1991 425 2059 que
474 1991 754 2060 graves
820 1970 1393 2058 dispensationis
1454 1990 1755 2056 causas;
1814 2008 1860 2018 -
1904 1971 1977 2038 4⁰
2008 1970 2328 2041 formam
2395 1974 2729 2064 denique,

282 2095 426 2167 qua
494 2079 949 2166 dispensatio
1014 2079 1322 2151 ,concedi
1376 2078 1660 2147 debeat.
1726 2116 1772 2126 -
1842 2079 2053 2159 Quod
2106 2080 2404 2166 quidem
2472 2085 2733 2155 sedulo

279 2186 885 2257 animadvertunt
918 2185 1296 2272 Pignatelli
1334 2185 1535 2271 (tom.
1564 2190 1623 2254 1.
1656 2204 1855 2255 cons.
1884 2189 2041 2256 148.
2066 2207 2189 2256 nn.
2218 2192 2262 2257 3
2296 2198 2370 2259 et
2389 2195 2662 2281 seqq.);
2693 2236 2729 2244 -

281 2294 578 2380 Ursaya
629 2294 706 2376 (ἡ
741 2295 812 2360 2.
857 2311 933 2380 ρ.
970 2295 1029 2359 1.
1079 2290 1348 2381 discep.
1381 2294 1444 2362 3.
1494 2312 1616 2360 nn.
1653 2295 1700 2360 4
1732 2299 1805 2362 et
1834 2296 1988 2380 99),·
2037 2331 2078 2344 -
2125 2296 2335 2365 Card.
2387 2300 2490 2366 De
2532 2301 2733 2369 Luca

280 2399 395 2483 (de
442 2404 673 2468 matr.
723 2399 993 2489 diseep.
1044 2402 1108 2469 9.
1156 2420 1279 2469 nn.
1333 2402 1671 2486 6-7-15);
1716 2438 1764 2448 —
1810 2403 2137 2490 Fagnani
2200 2404 2297 2491 (in
2359 2425 2521 2495 cap.
2575 2429 2733 2498 per-

285 2507 643 2576 niciosum
691 2509 760 2592 1,
815 2506 906 2576 de
953 2507 1149 2596 Qffic.
1201 2505 1349 2577 iud.
1399 2507 1562 2578 ord.
1612 2529 1680 2577 n.
1734 2510 1849 2594 61)
1898 2515 1966 2580 et
2012 2511 2151 2580 alii.

398 2753 468 2831 a)
515 2748 603 2816 De
648 2748 855 2816 summi
900 2747 1223 2815 pontificis
1269 2751 1583 2833 potestate
1630 2747 2017 2830 dispensandi
2061 2750 2137 2816 ab
2183 2750 2601 2834 impedimento

747 2845 961 2913 vinculi
1008 2845 1365 2912 matrimonii
1411 2843 1525 2912 rati
1571 2850 1637 2911 et
1679 2862 1796 2912 non
1841 2847 2263 2914 consummati.

408 3043 521 3108 31.
572 3040 829 3126 Itaque
897 3038 1097 3125 quod
1166 3037 1417 3107 attinet
1487 3037 1561 3107 1⁰
1608 3039 1700 3108 ad
1752 3058 2229 3109 summorum
2290 3041 2729 3114 Pontificum

279 3153 721 3234 potestatem
786 3146 1206 3233 praedictas
1279 3145 1873 3232 dispensationes
1941 3147 2430 3236 concedendi,
2482 3169 2737 3237 super-

279 3272 700 3324 vacaneum
751 3259 823 3322 et
868 3252 1078 3323 nefas
1128 3259 1324 3322 esset
1372 3272 1540 3323 eam
1592 3254 1813 3323 hodie
1876 3256 1946 3322 in
1993 3258 2579 3344 controversiam
2635 3280 2733 3328 re-

280 3378 575 3430 vocare.
650 3360 1086 3429 Gravissimi
1135 3361 1330 3428 enim
1384 3366 1454 3429 et
1500 3379 1821 3431 numero
1878 3361 2131 3448 plures
2180 3373 2335 3431 tum
2393 3365 2729 3453 theologi,

278 3474 436 3537 tum
491 3469 824 3537 maxime
888 3468 1352 3555 canonistas,
1402 3469 1470 3536 id
1523 3468 1785 3554 procul
1856 3468 2084 3537 dubio
2138 3471 2444 3539 omnino
2493 3482 2729 3542 tenen-

280 3577 462 3645 dum
528 3594 697 3647 esse
759 3575 1034 3644 diserte
1094 3577 1394 3645 tradunt
1434 3573 1651 3663 (Csr’.
1714 3575 2091 3661 Sanchez,
2153 3578 2284 3665 Op.
2333 3577 2448 3646 cit.
2498 3577 2613 3646 lib.
2663 3588 2725 3648 Ξ.

278 3681 466 3772 disp.
521 3684 632 3771 14.
680 3703 751 3751 n.
804 3685 887 3767 2,·
932 3718 977 3736 -·
1022 3683 1399 3770 Pignatelli
1451 3682 1493 3750 l.
1527 3705 1587 3752 c.
1634 3703 1705 3751 n.
1741 3684 1901 3769 44);
1948 3691 2020 3753 et
2066 3684 2266 3772 quod
2308 3685 2729 3754 maximum

279 3800 430 3877 est,
497 3791 786 3859 romani
852 3789 1249 3859 Pontifices
1320 3790 1643 3877 idipsum
1705 3787 2310 3877 frequentissimo
2381 3793 2729 3880 exemplu

278 3915 419 3966 suo
469 3895 1033 3983 confirmarunt,
1083 3902 1307 3984 atque
1358 3899 1425 3965 in
1478 3898 1637 3966 dies
1682 3896 2135 3967 confirmant
2179 3897 2368 3987 (Cfr’.
2403 3899 2729 3969 cler-icat,

276 4002 368 4073 de
415 4022 748 4073 sacram.
798 4009 1022 4073 matr.
1072 4003 1287 4073 decis.
1339 4008 1447 4072 15.
1485 4025 1554 4071 n.
1606 4007 1794 4073 1-42
1812 4025 1845 4089 ,·
1891 4042 1933 4053 —
1981 4005 2436 4094 Schmalzgr.
2497 4004 2611 4074 lib.
2661 4012 2725 4072 4.

284 4111 383 4181 tit.
435 4114 547 4181 19.
583 4112 675 4181 de
705 4111 972 4182 divort.
1008 4133 1128 4181 nn.
1164 4115 1255 4183 43
1287 4119 1361 4182 et
1389 4132 1588 4201 seqq.
1636 4149 1680 4162 -
1727 4113 2083 4199 Sanchez,
2118 4111 2249 4182 loc.
2281 4132 2528 4203 nuper
2564 4113 2729 4196 citt),

280 4223 529 4302 Quare
577 4221 765 4290 haec
809 4221 972 4309 ipsa
1019 4240 1078 4290 s.
1128 4221 1613 4308 Congregatio
1657 4239 1888 4307 super
1920 4220 2351 4289 huiusmodi
2390 4222 2733 4307 precibus

279 4328 416 4396 sibi
466 4349 512 4399 a
558 4329 880 4397 summis
928 4327 1404 4397 Pontificibus
1478 4327 1855 4413 remissis,
1906 4332 2165 4395 votum
2227 4316 2726 4398 consultivutn

279 4454 416 4522 pro
479 4435 1031 4522 dispensatione
1100 4432 1524 4522 frequenter
1593 4435 1859 4504 iisdem
1908 4434 2203 4521 obtulit,
2255 4437 2351 4503 uti
2408 4436 2729 4504 animas]¹

281 4561 589 4612 versum
641 4542 790 4611 iam
838 4539 971 4611 fuit
1014 4543 1085 4609 in
1134 4542 1458 4631 Prayen.
1508 4539 1974 4611 matrimonii
2017 4545 2055 4610 7
2106 4541 2254 4610 iulii
2306 4544 2474 4611 1731
2530 4548 2599 4611 et
2645 4544 2729 4609 ΞΤ

280 4647 632 4719 februarii
680 4649 872 4716 1734.
940 4668 943 4671 ·
