3509 5317
723 513 881 574 ..91-

185 654 284 721 enirn
308 654 357 723 de
380 652 494 740 priori
516 653 604 722 inito
627 652 799 740 coniugio
823 656 859 720 et
882 655 1155 739 consequenter
1187 650 1234 719 de
1266 656 1417 720 extante

186 758 371 848 ligaminis
395 761 670 848 impedimento,
695 766 795 830 certo
819 768 973 844 constet,
997 750 1171 829 constare
1186 758 1300 827 etiam
1315 767 1417 828 certo

184 867 295 938 dehet
318 869 365 936 de
392 869 515 938 soluto
546 869 657 955 priori
690 869 837 939 vinculo
866 888 935 957 per
971 880 1130 937 mortem
1161 866 1341 954 coniugis,
1379 873 1420 936 ut

185 972 276 1042 alter
310 975 450 1044 coniux
484 975 585 1045 aliud
621 975 743 1045 valeat
777 974 1060 1045 matrimonium
1091 971 1224 1041 inire¹.
1258 1007 1279 1020 -
1317 972 1418 1041 Haec

183 1088 312 1149 autem
336 1082 488 1151 moralis
511 1083 691 1152 certitudo
716 1082 960 1169 expluribus
983 1080 1166 1167 capitibus
1188 1079 1268 1147 erni
1285 1087 1416 1164 potest.

250 1190 283 1255 9.
308 1189 451 1257 Verum
476 1208 551 1276 quo
577 1189 725 1259 libertas
749 1207 868 1258 novas
885 1187 1036 1259 ineundi
1053 1186 1202 1273 nuptias
1218 1185 1265 1254 ita
1282 1184 1418 1271 cuique

186 1293 292 1363 salva
321 1295 377 1381 sit,
407 1300 448 1364 ut
476 1304 601 1365 tamen
638 1297 826 1388 praedicta
865 1294 1089 1366 matrimonii
1121 1293 1260 1379 unitas,
1293 1291 1418 1361 divina

186 1400 267 1490 lege
290 1404 442 1491 sancita,
467 1404 504 1472 in
528 1404 728 1474 discrimen
753 1423 827 1473 non
852 1403 1072 1484 adducatur,
1098 1418 1189 1487 prae
1216 1399 1335 1467 oculis
1358 1398 1419 1467 ha·

185 1508 307 1578 banda
333 1515 391 1579 est
412 1513 554 1581 nedum
579 1510 779 1580 instructio
803 1512 839 1580 S.
858 1511 896 1579 C.
913 1510 949 1580 S.
966 1508 1082 1577 Officii
1106 1508 1191 1577 data
1215 1505 1274 1576 die
1297 1509 1339 1574 21
1358 1525 1421 1575 au·

184 1614 403 1701 gusti1670,
429 1623 465 1687 et
494 1637 519 1686 a
551 1618 741 1687 Clemente
763 1618 800 1686 X
835 1617 989 1697 sancita,
1019 1633 1137 1701 super
1165 1612 1341 1682 examine
1368 1616 1418 1680 te·

184 1721 297 1791 stium
324 1723 372 1791 ad
396 1731 535 1794 statum
560 1725 718 1794 liberum
743 1723 1070 1810 comprobandum
1088 1738 1155 1808 pro
1173 1717 1419 1788 matrimoniis

184 1830 450 1901 contrahendis
466 1828 489 1918 ²,
514 1833 587 1923 sed⁸
605 1833 827 1920 praesertim
861 1831 978 1900 altera
1008 1829 1179 1899 eiusdem
1210 1827 1419 1913 Supremae

186 1934 222 2004 S.
246 1937 283 2005 C.
310 1937 510 2008 instructio
533 1959 592 2008 an.
617 1941 704 2009 1868
729 1940 835 2023 edita,
860 1956 959 2025 quae
978 1936 1148 2004 numeris
1167 1933 1343 2005 omnibns
1359 1933 1420 2002 an

185 2046 319 2132 soluta,
345 2047 456 2116 veluti
481 2066 598 2116 manu
622 2047 724 2115 ducit
746 2045 793 2115 ad
820 2043 1058 2131 probandum
1077 2042 1233 2111 alicuius
1249 2039 1419 2127 coniugis

186 2154 342 2223 obitum.
378 2154 472 2224 Hinc
496 2173 582 2224 eam
606 2155 665 2223 hic
688 2151 782 2223 inira
807 2150 966 2221 referam
984 2148 1007 2217 ⁸.
1032 2150 1072 2217 In
1104 2168 1151 2218 ea
1182 2149 1283 2217 enim
1315 2164 1421 2234 regu·

186 2262 243 2330 lae
268 2261 522 2350 indignantur,
547 2281 643 2349 quas
666 2262 702 2329 in
727 2259 910 2331 eiusmodi
935 2258 1086 2328 casibus
1110 2274 1218 2327 sacra
1243 2254 1302 2324 illa
1328 2254 1419 2323 Con·

184 2370 353 2456 gregatio
377 2370 484 2456 sequi
507 2370 610 2456 solet,
636 2374 676 2437 ut
699 2369 847 2438 illarum
871 2386 953 2455 ope,
990 2366 1049 2435 vel
1080 2366 1227 2452 absque
1262 2361 1420 2432 necessi-

187 2480 260 2546 tate
288 2494 467 2545 recursus
500 2477 548 2546 ad
580 2477 825 2564 apostolicam
858 2475 1007 2560 Sedem,
1044 2473 1187 2560 possint
1221 2488 1417 2540 sacrorum

186 2582 376 2652 antistites
392 2584 523 2654 iudicia
540 2581 637 2653 ferre
653 2603 662 2670 3
690 2584 747 2652 vel
763 2583 917 2670 quidem
933 2581 964 2650 si
980 2581 1029 2650 ad
1046 2599 1130 2649 eam
1147 2578 1417 2649 recurrendum

186 2689 243 2776 sit,
268 2696 389 2760 status
412 2690 642 2777 quaestionis
664 2690 712 2760 ita
736 2689 897 2759 dilucide
930 2696 1152 2775 exponatur,
1190 2692 1230 2756 ut
1265 2688 1419 2775 longiori

185 2812 294 2865 mora
326 2795 496 2883 impediri
526 2797 708 2867 sententia
739 2815 814 2864 non
854 2796 998 2865 debeat.
1032 2831 1055 2844 -
1086 2793 1230 2865 Scilicet
1263 2794 1420 2863 traditur

186 2902 379 2989 quomodo
414 2904 612 2990 probanda
644 2905 692 2974 sit
724 2904 895 2992 coniugis
929 2921 1034 2971 mors
1065 2920 1132 2990 per
1164 2898 1417 2971 authenticum

185 3011 310 3079 obitus
333 3011 614 3097 documentum,
639 3012 698 3081 vel
722 3032 789 3100 per
814 3013 960 3081 testium
986 3011 1245 3098 depositiones
1271 3008 1329 3076 vel
1353 3027 1420 3095 per

188 3117 300 3185 unius
324 3118 576 3187 testimonium
600 3121 733 3189 ceteris
756 3120 901 3204 iunctis,
928 3117 985 3187 vel
1009 3119 1057 3187 de
1079 3117 1224 3204 auditu,
1256 3115 1325 3201 vel,
1361 3114 1419 3182 his

187 3226 365 3295 omnibus
388 3225 654 3315 deficientibus
690 3247 740 3298 ex
769 3225 1002 3311 coniecturis
1038 3223 1419 3312 praesumptionibus,

187 3332 330 3402 indiciis
353 3340 389 3402 et
412 3335 595 3403 adiunctis
619 3334 893 3423 urgentioribus
916 3339 953 3403 et
983 3333 1157 3421 propiore
1192 3350 1295 3400 nexu
1330 3348 1419 3399 eum

190 3441 341 3510 veritate
364 3443 495 3512 mortis
517 3444 735 3528 coniunctis
754 3441 811 3509 vel
835 3459 885 3510 ex
901 3439 1001 3509 lama
1017 3440 1099 3508 aliis
1120 3439 1243 3508 adiuta
1267 3438 1421 3508 admini-

187 3548 291 3634 culis,
306 3549 363 3617 vel
382 3550 532 3619 tandem
550 3550 834 3637 investigatione
849 3566 916 3634 per
933 3546 1103 3634 publicas
1119 3545 1381 3632 ephemerides
1395 3543 1417 3612 ⁴.

254 3733 263 3771 ¹
287 3734 352 3795 Otr.
367 3735 557 3812 Piguatalli:
584 3734 872 3795 Constructionem
895 3738 1149 3802 canonicarum,
1170 3736 1309 3794 consult.
1339 3733 1415 3792 189.

186 3849 205 3890 a
229 3852 262 3891 n.
293 3832 319 3890 l.
344 3834 383 3892 od
404 3852 438 3892 rt.
463 3834 496 3895 6.

108 4004 113 4015 ¹
172 4011 174 4016 Ι
253 3931 265 3968 ²
288 3931 375 3990 Hauc
401 3933 676 4001 Instrrrctionem,
701 3951 780 4009 quae
802 3933 919 4010 ‘incipit
946 3951 1001 4009 par
1027 3932 1184 3992 decretum
1211 3930 1293 3990 Cum
1320 3933 1419 4001 aliar,

187 4031 282 4090 habes
303 4039 369 4089 tum
390 4031 421 4089 in
438 4031 580 4090 Bullario
600 4032 749 4101 Romano,
767 4035 833 4091 turn
856 4032 888 4090 in
905 4030 1112 4089 Collectcneo
1134 4032 1419 4097 constitutionem,

188 4129 402 4198 decretorum,
424 4130 632 4187 indultorum
656 4148 693 4188 nc
717 4131 976 4187 instructionum
999 4130 1030 4187 S.
1050 4128 1155 4194 Sedia,
1176 4128 1221 4186 od
1242 4145 1340 4185 ocum
1364 4128 1419 4187 So·

187 4229 314 4285 rietatis
329 4226 529 4286 Misaionnm
551 4228 595 4287 ad
617 4236 754 4294 exterra,
770 4246 803 4285 n.
826 4224 904 4285 968,
921 4242 997 4301 pop.
1015 4225 1089 4283 ’437
1111 4233 1142 4284 et
1161 4245 1246 4302 seqq.
1265 4225 1341 4287 edit.
1359 4227 1421 4285 Pa-

187 4325 273 4385 risiis
296 4323 384 4384 1880.

253 4424 266 4462 i
287 4425 322 4485 Iu
344 4424 535 4501 appendice
556 4425 589 4486 8.

255 4526 266 4562 ⁴
289 4526 354 4585 Cir.
378 4523 568 4602 praedictam
590 4525 848 4601 [astructionem
864 4523 897 4582 in
912 4523 1103 4600 Appendice
1118 4523 1150 4580 8.
1174 4522 1250 4581 -Si
1272 4521 1339 4581 sine
1356 4519 1420 4581 sus-

190 4624 305 4685 llcienti
327 4624 515 4684 certitudine
536 4623 637 4684 obitus
659 4623 790 4683 alterius
811 4622 953 4698 coniugis
974 4621 1334 4681 norummatrimonium
1349 4637 1421 4678 con·
