3509 5317
870 480 1028 540 ..10-

335 616 419 703 gnis
443 634 516 685 non
544 617 670 686 verbis
693 637 924 689 consensum
953 618 1177 705 exprimant,
1201 634 1336 687 eorum
1369 615 1466 685 valet
1488 633 1565 684 ma·

336 721 563 810 aimonium,
591 737 631 795 ut
653 723 746 796 intra
771 726 959 796 notabitur
985 724 1006 793 ².

333 881 337 888 .
400 832 432 897 7.
458 829 585 917 ltaque
609 833 857 917 coronatione,
884 837 924 901 ut
946 827 1075 919 supra,
1098 837 1259 919 peracta,
1293 830 1449 918 aliisque
1473 829 1563 899 reci·

236 937 241 954 ‘
335 936 417 1006 tatis
440 939 626 1025 precibus
650 941 830 1011 sacerdos
859 959 1063 1010 commune
1091 940 1270 1028 poculum
1301 938 1494 1024 benedicit,
1519 957 1564 1008 ac

334 1047 390 1111 ter
413 1046 635 1136 coniugibus
659 1048 822 1134 praehet.
847 1050 949 1118 Bona
974 1048 1135 1135 denique
1166 1049 1333 1134 utrisque
1361 1048 1562 1131 ominatur,

334 1156 371 1220 et
393 1171 553 1224 coronas
576 1155 736 1225 detrahit
754 1139 781 1222 ⁶².
1610 1159 1614 1164 ’

401 1261 432 1329 8.
458 1262 564 1330 Hanc
587 1269 713 1332 autem
738 1264 958 1350 nuptiarum
983 1263 1278 1333 benedictionem
1291 1264 1402 1334 etiam
1417 1261 1500 1350 Syri
1514 1260 1564 1330 la·

335 1365 478 1436 cobitae
509 1372 545 1437 et
573 1370 782 1439 Nestoriani
817 1376 852 1440 et
882 1370 1012 1458 Cophti
1044 1367 1326 1441 coronationem
1355 1369 1562 1458 appellant:

335 1475 436 1560 quod
461 1481 496 1545 et
519 1477 711 1565 antiquam
742 1496 827 1547 esse
859 1479 992 1565 probat
1015 1478 1201 1548 eiusmodi
1235 1477 1504 1547 caerimoniam
1529 1481 1565 1545 et

336 1583 583 1654 Orientalibus
606 1585 784 1655 omnibus
807 1604 1063 1655 communem.

384 1689 433 1758 ’9.
458 1691 574 1760 Porro
598 1689 703 1762 iuxta
728 1695 830 1780 ipsos
843 1693 1084 1763 Orientalium
1100 1694 1204 1779 ritus,
1217 1690 1564 1763 Thessalonicensis

328 1795 501 1883 formam
526 1798 639 1869 huius
661 1801 887 1871 sacramenti
910 1802 946 1869 in
971 1807 1162 1870 consensu
1192 1819 1259 1888 per
1291 1799 1449 1868 verbum
1481 1795 1564 1865 colo

335 1922 562 1991 expressum
586 1908 763 1994 agnoscit.
787 1909 848 1978 Sic
870 1908 1025 1978 Armeni
1038 1908 1169 1997 sponsi
1191 1928 1214 1977 a
1238 1906 1403 1994 parocho
1427 1907 1567 1975 seusa»

335 2012 484 2084 cerdote
507 2015 555 2084 de
578 2033 768 2086 consensu
791 2016 828 2084 in
855 2018 1146 2102 matrimonium,
1164 2016 1491 2098 morelatinorum,
1506 2013 1563 2082 ro?

267 2179 274 2186 .
335 2121 418 2207 gati,
444 2121 585 2189 nedum
598 2122 634 2190 in
646 2125 888 2210 sponsalibus
904 2124 951 2194 de
963 2122 1088 2193 futuro
1101 2123 1316 2212 explicitum
1333 2138 1564 2194 consensum

336 2228 516 2314 emittunt,
540 2230 606 2299 sed
633 2232 727 2300 etin
751 2231 835 2318 ipsa
857 2231 1011 2319 nuptiali
1036 2231 1291 2301 benedictione
1314 2243 1385 2299 seu
1408 2229 1563 2298 corona-

334 2330 434 2404 tione'
456 2335 635 2425 empticito
659 2335 781 2407 verbis
803 2345 985 2408 consensa
1009 2338 1056 2408 de
1080 2339 1266 2425 praesenti
1283 2336 1563 2407 matrimonium

336 2441 534 2513 celebrant.
558 2481 580 2493 -
604 2445 763 2515 Goarius
776 2451 914 2532 autem,
929 2451 968 2515 ut
981 2446 1154 2533 vidimuS,
1168 2446 1204 2513 in
1218 2445 1356 2516 'eodem
1373 2460 1564 2513 consensu

336 2550 449 2620 huius
472 2546 697 2623 sacramenti
710 2552 876 2636 formam
888 2555 1043 2641 reponit,
1057 2554 1124 2623 sed
1137 2551 1345 2642 significato
1359 2570 1425 2639 per
1437 2554 1563 2620 actum

335 2656 439 2725 illum
463 2656 683 2746 sensibilem,
710 2679 785 2748 quo
810 2662 940 2748 sponsi
965 2679 1050 2731 sese
1074 2659 1313 2729 coronandos
1342 2658 1565 2728 exhibent.-

334 2765 457 2852 Atque
469 2765 515 2835 ita
533 2766 876 2860 Thessalonicensis
889 2773 925 2837 et
936 2768 1105 2853 Goarius,
1131 2765 1313 2835 veletiam
1326 2766 1429 2834 iuxta
1443 2764 1566 2833 Orien·

336 2869 465 2940 talium
489 2872 741 2962 disciplinam,
774 2876 876 2961 ipsos
900 2875 1163 2944 contrahentes
1193 2873 1307 2942 huius
1338 2871 1564 2942 sacramenti

334 2977 525 3050 nunhtros
548 3001 634 3051 esse
664 2982 864 3068 declarant,
897 2999 973 3050 non
997 2987 1123 3051 autem
1158 2981 1404 3067 sacerdotem,
1434 2980 1497 3068 qui
1522 2980 1566 3048 ri·

336 3088 444 3158 tualis
467 3079 717 3159 coronationis
740 3090 883 3178 peragit
906 3090 1221 3160 caerimoniam.
1199 3088 1210 3125 ⁸
1310 3101 1311 3104 ’

705 3307 707 3311 ’
771 3310 1044 3381 ARTICULUS
1070 3311 1126 3379 lll.

584 3464 650 3532 ite
674 3466 881 3549 inpedimento
904 3483 940 3533 ex
961 3467 1068 3534 lurore
1090 3472 1122 3534 et
1145 3468 1288 3536 amentia.

403 3630 433 3696 1.
459 3615 737 3697 Matrimonium
762 3626 900 3696 dirimit
914 3625 1033 3716 saror
1066 3634 1102 3695 et
1128 3625 1305 3695 amentia.
1337 3627 1431 3696 Cum
1464 3624 1565 3693 enim

335 3737 398 3823 qui
421 3737 581 3805 amentia
609 3735 665 3804 vel
689 3733 815 3804 lurore
839 3740 923 3804 actu
939 3734 1117 3820 laborant,
1141 3753 1214 3803 usu
1240 3734 1390 3803 rationis
1402 3738 1565 3819 careant,

335 3861 564 3912 consensum
589 3843 637 3913 ad
662 3843 942 3912 matrimonium
976 3842 1096 3913 valide
1117 3844 1338 3913 ¹ineundam
1371 3847 1563 3930 praestare

336 3950 488 4039 quidem
512 3965 714 4038 nequeunt.

401 4063 433 4129 2.
458 4061 561 4128 Dixi:
585 4055 649 4148 qui
673 4062 761 4128 acta
786 4058 957 4129 laborant
980 4059 1164 4128 eiusmodi
1186 4059 1337 4127 morbo:
1361 4076 1407 4127 eo
1424 4057 1563 4128 scilicet

336 4172 526 4238 momento
550 4185 626 4254 quo
650 4165 846 4254 coniugale
869 4163 1003 4234 foedus
1027 4165 1118 4235 intre
1142 4162 1388 4234 materialiter
1411 4164 1566 4252 quidem

341 4465 344 4472 Δ
402 4409 412 4445 ¹
434 4409 468 4467 In
491 4393 725 4481 disceptatione
739 4390 765 4463 '1
772 4449 779 4464 .
803 4414 928 4496 qtiaest.
959 4407 985 4465 l.

401 4505 414 4543 ²
436 4505 513 4565 Vide
535 4505 627 4563 Goar.
654 4505 711 4564 loc.
735 4507 789 4564 cit.
810 4520 889 4581 pap.
916 4503 995 4566 319.
1047 4531 1050 4535 ⁴

402 4604 414 4641 ⁸
435 4603 501 4664 cfr.
526 4603 660 4662 Antoine
681 4604 712 4663 in
734 4607 789 4663 cit.
813 4603 1007 4680 appendice,
1024 4619 1107 4680 pap:
1125 4601 1203 4660 358.
