3509 5317
1347 517 1702 585 ...1532-

303 660 775 730 necessariae
822 668 1015 747 sunt,
1066 668 1147 734 ut
1194 664 1638 733 matrimonii
1687 664 2085 734 celebratio
2133 663 2334 734 licita
2381 664 2648 734 evadat
2696 684 2752 728 νε

300 785 449 834 non
502 768 891 854 prohibita.
939 806 986 818 -
1036 772 1300 841 Utrum
1354 791 1532 841 vero
1581 770 1982 841 benedictio
2029 778 2159 843 aut
2203 771 2590 842 coronatio
2640 796 2756 840 nt·-

300 876 629 946 cessaria
680 876 772 946 sit
817 877 912 946 ad
960 880 1407 948 matrimonii
1460 877 1946 965 validitatem,
1997 881 2333 949 decisum
2384 899 2474 949 ac
2506 880 2760 950 defini-

300 988 460 1052 tum
510 1003 664 1051 non
711 983 848 1054 fuit
891 985 989 1053 ab
1036 986 1361 1056 Ecclesia
1398 986 1451 1054 ¹:
1500 988 1852 1074 quamvis
1899 989 2281 1073 sententia,
2309 1006 2504 1075 quae
2536 1003 2755 1076 neam*

303 1089 820 1163 necessitatem
869 1091 1384 1163 benedictionis
1431 1096 1527 1164 ad
1578 1096 2027 1165 matrimonii
2063 1093 2523 1164 validitatem
2570 1112 2760 1165 cassi-

300 1199 604 1270 manior
650 1202 745 1270 sit
788 1219 877 1270 ac
923 1202 1378 1288 probabilior
1412 1203 1632 1271 etiam
1686 1222 1822 1290 pro
1876 1201 2202 1271 Ecclesia
2264 1200 2752 1270 Orientali...‚-.

302 1310 386 1376 Et
431 1310 495 1376 si
547 1317 897 1378 accurate
944 1311 1471 1378 examinentur
1506 1309 1850 1379 historica
1888 1310 2339 1380 documenta
2369 1308 2752 1380 constabis.

301 1418 502 1505 quod
558 1416 884 1487 Ecclesia
936 1416 1322 1485 Orientalis
1370 1422 1539 1486 ante
1603 1417 1935 1486 schisma
1988 1425 2058 1486 et
2115 1436 2346 1502 supra
2408 1435 2760 1502 provata-n-

303 1531 452 1593 tam
505 1524 894 1595 Novellam
943 1525 1213 1592 Leonis
1264 1524 1741 1611 Imperatoris
1789 1523 1834 1610 ²,
1886 1525 2035 1593 imo
2083 1525 2304 1594 etiam
2362 1530 2531 1612 post
2578 1524 2760 1590 sclit—

304 1650 465 1701 sma
517 1650 673 1700 non
719 1629 1132 1700 asseruerit
1178 1632 1522 1702 absolute
1569 1651 1659 1703 ac
1707 1633 2020 1719 positive
2055 1630 2555 1702 necessariam
2605 1652 2760 1700 caer

303 1737 875 1808 benedictionem
921 1739 1028 1808 ad
1077 1738 1560 1827 caliditatem,
1612 1741 1745 1810 sed
1797 1740 2048 1808 solum
2093 1739 2188 1809 ad
2239 1735 2515 1808 licitam
2566 1724 2760 1808 'cele-

304 1846 719 1916 brationem
769 1847 1288 1915 matrimonii»
1343 1845 1386 1913 ⁸.

435 1956 545 2022 De
594 1954 735 2023 hac
781 1946 1029 2024 autem
1096 1955 1533 2042 quaestione
1601 1954 2093 2040 disceptatum
2143 1951 2272 2023 fuit
2326 1974 2363 2023 a
2426 1954 2760 2041 patribus

306 2062 715 2131 tridentinis
775 2062 1169 2131 occasione
1239 2061 1501 2130 edendi
1576 2063 1669 2130 de
1732 2062 2313 2139 clandestinitate
2370 2060 2640 2130 decreti
2700 2076 2756 2124 ⁴:

306 2178 373 2240 et
403 2170 852 2239 Benedictus
883 2171 1062 2239 XIV
1094 2177 1531 2258 argumenta
1573 2189 1660 2239 ac
1692 2175 2188 2239 monumenta
2222 2167 2439 2238 refert
2489 2167 2531 2252 ⁵,
2566 2188 2757 2254 qum

306 2278 398 2348 a'b
446 2279 840 2365 utriusque
886 2280 1294 2348 sententiae
1342 2278 1672 2364 patronis
1722 2278 1792 2345 in
1844 2277 2176 2345 medium
2220 2276 2436 2346 allata
2467 2273 2751 2346 fuerunt

305 2389 456 2451 tum
509 2402 651 2470 pro
705 2382 1048 2452 firmitate
1108 2389 1269 2453 tum
1339 2402 1476 2470 pro
1548 2383 1878 2453 nullitate
1944 2384 2515 2468 connubiorum,
2565 2402 2756 2470 qum

306 2491 594 2578 absque
641 2490 1079 2559 sacerdotali
1127 2490 1636 2560 benedictione
1684 2509 1732 2559 a
1778 2490 2199 2561 christianis
2246 2498 2416 2560 ante
2464 2489 2756 2560 Triden-

306 2599 541 2668 tinum
606 2599 1200 2669 celebrabantur.
1275 2600 1563 2681 Quibus
1635 2599 1882 2668 relatis
1954 2599 2326 2670 concludit
2393 2600 2752 2668 Pontifffi:

312 2725 346 2767 «
378 2705 586 2776 Haec
633 2707 703 2774 in
756 2713 1152 2794 utramque
1200 2712 1491 2793 partem
1536 2727 1578 2775 a
1631 2706 2041 2776 tridentinis
2089 2707 2454 2794 theologis
2511 2714 2584 2776 et
2644 2732 2756 2792 lm-

309 2814 546 2883 tribus
593 2819 891 2883 versata
937 2820 1131 2898 sunt,
1181 2820 1253 2882 et
1299 2813 1598 2883 tandem
1628 2815 2144 2898 deliberatum,
2167 2819 2252 2882 -ut
2294 2814 2752 2883 matrimoni:-

309 2920 781 3011 clandestina,
830 2922 990 2989 sive
1039 2922 1188 2988 ullo
1239 2939 1573 3008 unquam
1626 2927 1962 3007 tempore
2010 2919 2280 2990 fuerint
2309 2926 2524 2990 antea
2568 2921 2760 2988 inru-

309 3027 467 3113 lida,
518 3030 681 3097 sive
728 3048 900 3113 non,
950 3029 1151 3114 quod
1201 3026 1509 3097 dubiam
1554 3027 1901 3116 profecto
1947 3047 2184 3117 aeqae
2246 3027 2611 3098 incertam
2660 3056 2764 3096 suf·-

308 3134 619 3204 mansit:
666 3133 759 3205 ad
810 3155 896 3205 ea
946 3135 1428 3203 nihilominus
1477 3135 1996 3222 praecavenda
2045 3135 2489 3222 gravissima
2544 3140 2756 3208 mala„

312 3261 500 3328 quae
554 3243 623 3310 in
673 3243 1097 3311 animarum
1153 3243 1554 3328 perniciem
1602 3262 1693 3312 ac
1738 3243 1962 3311 totius
2022 3243 2465 3313 christianae
2532 3244 2764 3328 reinna--

439 3475 457 3511 ¹
507 3474 597 3531 De
631 3475 741 3532 hoc
774 3493 914 3532 mox
944 3475 1142 3534 dicam
1165 3493 1239 3533 ex
1267 3475 1595 3534 Benedicta
1619 3474 1768 3533 XIV
1799 3475 1876 3531 de
1903 3475 2161 3547 Synodo
2189 3475 2295 3534 lib.
2326 3476 2389 3532 8.
2417 3491 2561 3549 cap.
2591 3474 2683 3532 1:2³,

436 3572 461 3609 ‘2
505 3572 633 3631 Leo
686 3573 1029 3649 Imperator
1085 3573 1147 3631 in
1205 3571 1472 3632 Novella
1524 3571 1604 3630 89
1660 3572 1907 3648 publica
1971 3573 2107 3646 lege
2159 3574 2430 3631 sancivit
2479 3591 2514 3630 ατ(
2545 3573 2626 3629 Ulv
2680 3596 2764 3628 ητι-

311 3687 447 3728 crae
511 3671 951 3730 benedictionis
1012 3671 1364 3730 testimonio
1423 3671 1822 3730 matrimonia
1883 3669 2434 3741 confirmarentur,
2490 3672 2636 3729 adeo
2704 3692 2756 3728 uir

313 3767 364 3825 si
403 3769 505 3844 qui
548 3768 713 3828 citra
778 3769 932 3828 hanc
997 3769 1459 3828 matrimonium
1524 3770 1758 3840 ineant,
1806 3769 1865 3827 id
1911 3786 1983 3826 ne
2026 3768 2102 3826 ab
2147 3768 2327 3827 initio
2390 3768 2628 3844 quidem
2680 3776 2760 3824 im

314 3867 450 3938 dici,
497 3886 690 3944 neque
732 3868 877 3926 illos
905 3869 967 3926 in
1000 3869 1169 3928 vitae
1213 3868 1329 3927 illa
1373 3867 1807 3926 consuetudine
1850 3866 2232 3926 matrimonii
2277 3866 2408 3924 iure
2439 3866 2624 3943 potiri
2672 3888 2766 3920 κη·-

316 3965 492 4024 limus
522 3985 581 4024 ».
628 3999 670 4009 -
709 3967 796 4026 At
839 3965 982 4025 laici
1028 3965 1341 4043 Principis
1403 3965 1766 4025 constitutio
1811 3983 1927 4023 non
1998 3966 2197 4041 potuit
2238 3965 2615 4023 matrimonii
2668 3984 2764 4020 m-

316 4061 501 4121 lorem
545 4063 609 4121 in
653 4063 1064 4122 eonscientiae
1107 4063 1240 4123 foro
1283 4063 1624 4122 infirmare.
1656 4097 1698 4108 -
1725 4063 1789 4122 Id
1823 4066 2031 4122 autem
2076 4061 2359 4138 legitima
2387 4080 2459 4121 ac
2489 4080 2764 4139 sup1·e1==;=

316 4162 710 4238 praescripsit
733 4161 1047 4220 Ecclesiae
1075 4161 1420 4220 auctoritas
1448 4160 1511 4219 in
1537 4160 1904 4220 Tridentina
1934 4159 2179 4235 Synodo
2207 4178 2360 4218 sess.
2391 4158 2501 4218 24.
2530 4177 2672 4234 can.
2720 4168 2732 4212 l
2756 4208 2764 4212 -

318 4259 391 4317 de
431 4263 767 4335 reformat.
815 4262 1106 4318 matrim.

445 4356 469 4393 ³
512 4358 1045 4435 Papp-Szilagyi:
1082 4356 1528 4415 Enchiridion
1576 4358 1745 4414 iuris
1776 4355 2112 4415 Ecclesiae
2154 4358 2462 4414 oriental.
2494 4368 2664 4432 parf.
2708 4368 2764 4412 ῥ’-

319 4434 354 4507 ἓ
402 4437 551 4496 118.
598 4455 789 4513 palm.
839 4437 1177 4494 464-465.
1230 4438 1380 4494 edit.
1431 4437 1514 4494 M.
1565 4435 1870 4496 Varadini
1924 4435 2118 4493 1862.

443 4536 466 4572 ⁴
509 4537 639 4597 Cfr.
688 4536 1071 4596 Pallavicini
1117 4538 1331 4593 Storia
1376 4536 1485 4592 del
1530 4535 1820 4592 Concilio
1864 4535 1937 4591 di
1982 4535 2217 4593 Trento
2265 4536 2371 4594 lib.
2406 4536 2519 4633 32.
2556 4540 2694 4596 0.-1.

446 4635 470 4670 ⁵
513 4635 826 4694 Benedict.
873 4635 1025 4694 XIV
1067 4634 1160 4693 De
1203 4634 1461 4709 Synodo
1510 4633 1619 4691 lib.
1669 4633 1735 4692 8.
1783 4649 1926 4709 cap.
1983 4631 2089 4690 12.
2136 4650 2259 4692 rm.
2308 4633 2547 4695 4-5-6.
