3509 5317
1788 494 2147 555 —404-

737 631 1050 718 scripsit,
1098 635 1351 717 tuque,
1406 648 1568 699 ven.
1618 630 1893 717 Frater,
1943 637 2074 700 aut
2120 630 2470 717 Episcopi
2516 631 2617 700 tui
2669 629 3136 721 suffraganei
3174 653 3222 703 a

743 738 977 807 Nobis
1023 737 1366 825 petierint
1409 737 1659 824 aliquo
1707 738 1779 805 in
1828 756 2035 824 casu,
2097 744 2171 807 et
2236 756 2338 807 ex
2398 739 2927 826 urgentissima
2974 759 3228 809 causa

741 845 1186 934 dispensari,
1236 863 1387 913 non
1437 846 1967 915 recusabimus
2020 846 2284 914 vestris
2330 845 2683 933 precibus
2728 849 3097 933 assentiri,
3154 849 3223 916 si

738 953 813 1021 id
864 951 1239 1040 religionis
1271 952 1556 1021 bonum
1593 957 1664 1021 et
1696 953 2116 1022 animai-am
2154 952 2364 1022 salus
2411 951 2798 1040 postulare
2844 955 3222 1023 videatur.

883 1060 1087 1130 Haec
1146 1060 1243 1130 ad
1292 1068 1360 1129 te
1426 1057 1723 1147 plenius
1784 1060 2183 1130 scribenda
2245 1059 2703 1146 putavimus,
2763 1061 3226 1132 venerabilis

679 1254 693 1262 ἱ
742 1169 1015 1255 Frater,
1066 1185 1217 1236 non
1266 1167 1514 1237 solum
1577 1173 1657 1237 ut
1698 1168 2092 1255 postulatis
2156 1169 2300 1237 tuis
2349 1165 2774 1238 faceremus
2818 1171 3021 1256 satiS,
3073 1173 3221 1240 sed

740 1274 962 1343 etiam
1013 1279 1093 1343 ut
1148 1275 1219 1341 in
1268 1273 1356 1342 iis
1402 1275 1986 1362 quaestionibuS,
2037 1294 2232 1362 quas
2277 1277 2476 1345 circa
2525 1277 2997 1347 matrimonia
3050 1297 3224 1365 pro·

741 1379 1072 1466 posuisti,
1121 1387 1403 1448 certam
1455 1381 1775 1451 haberes
1822 1382 1920 1451 ab
1954 1383 2096 1454 hac
2130 1382 2550 1473 *apostolica
2600 1382 2797 1453 Sede
2844 1385 3222 1472 regulam,

745 1506 976 1575 quam
1025 1487 1086 1556 si
1139 1487 1443 1574 tenebiS,
1496 1485 1703 1558 facile
1751 1507 1840 1558 ac
1872 1494 2027 1558 tuto
2058 1509 2192 1560 eas
2225 1488 2527 1560 solvere
2573 1509 2663 1560 ac
2710 1490 3057 1560 dirimere
3094 1511 3229 1578 po-

744 1594 942 1662 teris.
992 1596 1102 1663 Ac
1149 1594 1294 1679 tibi,
1347 1595 1791 1664 venerabilis
1852 1597 2128 1681 Frater,
2191 1597 2615 1684 ovibusque
2678 1597 2824 1667 tuis
2870 1598 3223 1685 apostoli-

741 1719 907 1770 cam
937 1701 1536 1772 Benedictionem
1564 1704 2077 1773 amantissime
2100 1704 2591 1792 impertimur.
2618 1706 2888 1775 Datum
2916 1706 2988 1773 in
3014 1707 3222 1776 Aroe

744 1807 1167 1895 Gandulphi
1216 1808 1560 1879 albanen.
1610 1809 1975 1879 dioecesis
2037 1810 2182 1879 sub
2229 1811 2516 1879 annulo
2564 1812 2955 1898 piscatoris
3001 1812 3120 1882 die
3171 1815 3222 1883 8

745 1915 1069 1983 octobris
1118 1916 1312 2002 1803,
1365 1913 1850 1986 Pontificatus
1898 1917 2125 1986 nostri
2176 1935 2381 1985 anno
2430 1925 2719 2005 quarto.

881 2020 1369 2110 Descriptam
1414 2028 1489 2091 et
1534 2022 2000 2113 reeogynitam
2046 2042 2155 2092 ea:
2201 2027 2693 2114 auioyr’apho
2746 2027 3068 2114 Reqesto
3105 2026 3225 2093 Li-

747 2144 1090 2226 terarum
1135 2130 1729 2218 apostolicarum
1776 2130 1883 2200 ad
1916 2129 2301 2220 Principes
2336 2131 2540 2201 viros
2573 2137 2647 2201 et
2675 2132 2863 2202 alios
2911 2131 3033 2219 fel.
3068 2153 3219 2202 ree..

749 2234 869 2304 Pii
916 2237 1071 2304 ΡΡ.
1146 2238 1290 2305 VII
1323 2236 1527 2326 qnod
1581 2237 2046 2307 adservatur³
2091 2236 2166 2307 in
2224 2236 2643 2308 Tabalariis
2691 2238 3221 2309 secretioribus

774 2343 1180 2430 VaticaniS,
1233 2365 1357 2414 an.
1396 2345 1541 2431 IV.,
1577 2363 1752 2434 pay.
1790 2349 1944 2415 101.
1983 2346 2066 2414 In
2100 2345 2693 2435 qaorumfldem
2736 2345 2856 2416 hie
2900 2367 3023 2416 me
3054 2345 3225 2416 sab-

742 2449 1016 2540 ser’ipsi
1060 2456 1134 2521 et
1178 2450 1412 2521 solitis
1459 2452 1688 2542 siquis
1736 2451 2044 2542 siynaoi.

887 2557 1189 2628 Dabam
1213 2579 1264 2628 a
1312 2558 1726 2628 Tabalar’iis
1769 2557 2145 2648 praefatis
2197 2560 2296 2627 VI
2321 2559 2490 2629 idas
2516 2558 2794 2645 maiaS,
2832 2579 3039 2629 anno
3072 2562 3225 2629 Do-

740 2662 926 2733 mini
977 2663 1466 2736 MDCCCXL
1495 2665 1642 2735 VII.
1690 2665 1944 2735 Indici.
2004 2667 2192 2735 VIII.
2236 2665 2740 2754 Pontificatas
2788 2686 2970 2736 vero
3007 2667 3229 2736 SSmi

743 2771 816 2839 in
876 2772 1164 2841 Christo
1216 2773 1474 2843 Patris
1508 2779 1580 2843 et
1612 2772 1919 2843 Domini
1956 2772 2219 2842 Nostri
2251 2771 2562 2843 Domini
2592 2774 2714 2843 Pii
2754 2773 3017 2844 divina
3044 2794 3222 2864 pro·

744 2879 1068 2950 videntia
1124 2882 1388 2970 Papae
1438 2882 1555 2949 IX
1599 2884 1821 2950 Anno
1873 2882 1923 2949 I.

2009 3070 2450 3141 MARINUS
2497 3071 2848 3139 MARINI

1743 3177 2320 3246 Tabulariorum
2369 3178 2440 3247 S.
2496 3180 2581 3246 R.
2631 3179 2707 3246 E.
2760 3176 3218 3248 Praefectus.

1896 3462 2051 3529 VII.

1035 3574 1381 3685 'instructio
1430 3622 1446 3658 ¹
1494 3633 1678 3699 supet·
1722 3618 2278 3702 dispensationibus
2327 3619 2891 3687 matrimonialibus.

875 3795 1062 3862 Cum
1110 3792 1564 3880 dispensatio
1611 3792 1703 3860 sit
1738 3791 1919 3859 iuris
1952 3782 2772 3861 communisrelaxatio
2816 3810 2995 3860 cum
3045 3810 3221 3861 cau-

742 3895 874 3969 sae
923 3900 1358 3987 cognitione,
1407 3899 1506 3967 ab
1554 3917 1642 3966 eo
1691 3896 1901 3984 facta,
1951 3899 2075 3985 qui
2125 3898 2350 3990 habet
2397 3903 2837 3985 potestatem
2869 3952 2886 3985 ,
2961 3899 3217 3986 explo-

743 4013 990 4076 ratum
1039 4007 1391 4075 omnibus
1440 4010 1551 4075 est
1597 4006 2192 4092 dispensationes
2239 4005 2337 4074 ab
2385 4005 2940 4091 impedimentis
2970 4007 3214 4075 matri-

743 4113 1193 4184 monialibus
1238 4132 1390 4183 non
1439 4131 1610 4182 esse
1656 4111 2188 4200 indulgendaS‚
2237 4111 2395 4181 'nisi
2445 4111 2768 4201 legitima
2817 4120 2887 4181 et
2959 4113 3214 4201 gravis

743 4240 972 4291 causa
1022 4220 1475 4289 interveniat.
1526 4221 1715 4301 Quin
1767 4219 1919 4287 imo
1969 4217 2178 4288 facile
2224 4220 2547 4306 quisque
2595 4218 2940 4308 intelligit,
3014 4226 3212 4290 tanto

742 4320 1167 4417 graviorem
1217 4344 1531 4396 causam
1582 4327 1875 4415 requiri,
1926 4331 2205 4413 quanto
2239 4326 2551 4413 gravius
2582 4332 2695 4395 est
2726 4326 3219 4413 impedimen·

881 4505 897 4541 ¹
947 4504 1119 4562 Hanc
1159 4505 1635 4565 [astructionem
1681 4505 1743 4564 S.
1785 4505 1849 4564 G.
1886 4505 1958 4565 de
2001 4507 2267 4581 Propag.
2328 4504 2399 4564 F.
2437 4505 2627 4563 habes
2670 4504 2733 4564 in
2795 4505 3214 4564 Colles-tanea

745 4604 1011 4663 eiusdem
1061 4601 1127 4661 S.
1162 4602 1229 4661 C.
1265 4603 1345 4663 de
1381 4604 1823 4679 propaganda
1858 4605 2022 4693 Fide
2054 4622 2118 4665 n.
2167 4602 2367 4660 1482.
