3509 5317
1752 499 2189 577 ..426-¹

705 656 1125 726 numquam
1173 638 1392 708 licere
1445 643 1701 706 contra
1766 636 2033 707 eadem
2095 635 2447 720 iudicare,
2497 634 2637 702 nisi
2684 653 2788 702 ex
2834 635 3054 705 certis
3105 641 3178 705 et

705 746 1175 818 evidentibus
1221 747 1689 834 argumentis
1760 745 2177 829 constiterit,
2258 736 2428 831 ipsa'
2478 742 2734 810 vitiosa
2809 747 2942 811 aut
2985 740 3169 813 falsa

705 874 894 926 esse.
946 857 1056 923 Ac
1108 853 1420 941 proinde
1492 854 1828 921 locorum
1902 850 2263 920 Ordinarii
2335 849 2600 919 sedulo
2657 849 3036 919 curabunt
3100 855 3177 918 ut

713 962 865 1030 libri
916 962 1480 1048 baptizatorum,
1537 957 2193 1044 confirmatorum‚·
2235 962 2306 1028 et
2353 957 2829 1027 matrimonio
2876 957 3176 1045 copula-

709 1082 976 1155 torum,
1021 1087 1161 1138 nec
1190 1086 1341 1136 non
1377 1065 1900 1137 defunctorum
1934 1086 1979 1135 a
2017 1065 2365 1151 parochis
2395 1063 2955 1151 diligentissime
3001 1083 3179 1134 exa·

709 1182 981 1261 rentur,
1034 1180 1107 1248 et
1151 1179 1499 1245 accurate
1532 1173 2067 1243 custodiantur.

1523 1406 1923 1457 ARTICULUS
1970 1405 2356 1457 succubus.

1153 1551 1267 1618 De
1312 1548 1840 1639 impedimento
1895 1547 2238 1638 publicae
2283 1545 2712 1617 honestatis.

837 1714 944 1780 31.
997 1712 1299 1792 Quoties
1345 1712 1648 1800 aliquod
1684 1711 2241 1781 matrimonium
2279 1711 2768 1799 impugnatur
2800 1710 2900 1779 ob
2947 1711 3180 1796 impe·

709 1822 1143 1904 dimentum,
1193 1820 1394 1907 quod
1443 1820 1785 1907 publicae
1833 1819 2242 1888 honestatis
2288 1819 2737 1903 nominatur,
2788 1818 2859 1885 in
2911 1818 3179 1905 primis

709 1932 1052 1997 accurate
1099 1928 1578 1997 statuendum
1629 1929 1782 2013 erit,
1833 1930 2080 1996 utrum
2119 1926 2296 1995 illud
2344 1926 2706 2014 originem
2741 1925 3043 1994 duxerit
3073 1944 3176 1993 ex

709 2034 1182 2104 matrimonio
1228 2034 1657 2121 simpliciter
1691 2039 1873 2120 rat0,
1924 2053 2017 2104 an
2070 2053 2169 2105 ex
2215 2033 2717 2119 sponsalibus.

849 2142 920 2210 ln
985 2142 1205 2229 priori
1256 2161 1438 2212 casu
1503 2141 1598 2209 ad
1660 2141 2279 2228 impedimentum
2341 2142 2889 2213 adstruendum
2940 2138 3182 2228 profe·

709 2262 966 2318 rantur
1012 2248 1460 2320 documenta
1515 2249 1961 2318 matrimonii
2014 2248 2528 2334 praecedentis
2587 2247 3179 2319 celebrationem

709 2357 1290 2444 comprobantia,
1349 2377 1544 2444 quae
1605 2356 2055 2426 documenta
2117 2355 2325 2425 facile
2395 2355 2986 2443 suppeditabunt
3054 2355 3176 2425 vel

713 2466 865 2534 libri
917 2465 1564 2535 matrimoniorum
1615 2484 1658 2534 a
1709 2466 2042 2552 parocho
2074 2465 2448 2550 servandi,
2496 2464 2555 2534 si
2607 2464 3177 2533 matrimonium

705 2590 966 2642 coram
1015 2572 1341 2642 Ecclesia
1405 2571 1623 2644 fuerit
1680 2556 2188 2642 celebratum:
2254 2572 2369 2642 vel
2433 2579 2724 2660 regesta
2780 2571 3174 2641 existentia

709 2698 938 2766 penes
988 2680 1366 2750 ministros
1414 2681 1827 2750 haereticos
1875 2681 2035 2750 sive
2081 2680 2621 2766 schismaticOS‚
2671 2680 2733 2748 si
2782 2679 2989 2767 apud
3040 2695 3178 2746 eos

709 2788 1261 2856 matrimonium
1313 2795 1782 2857 contractum
1817 2786 2250 2857 affirmetur.
2302 2787 2667 2869 Quamvis
2714 2787 3171 2855 documenta

709 2894 821 2962 vel
871 2913 918 2962 a
965 2896 1119 2964 sola
1173 2896 1361 2964 civili
1411 2901 1789 2984 potestate,
1845 2896 1956 2965 vel
2005 2896 2103 2967 ab
2152 2894 2542 2965 haereticis
2585 2900 2713 2963 aut
2760 2892 3176 2962 schismati·

709 3002 813 3070 cis
865 3003 1259 3087 manantia,
1310 3003 1462 3070 vim
1511 3004 1791 3072 habere
1838 3005 2126 3090 possint
2156 3002 2558 3090 aliquando
2605 3000 2702 3069 ad
2752 2998 3026 3069 factum
3078 2999 3175 3068 de

709 3109 1183 3176 matrimonio
1206 3110 1574 3180 celebrato
1597 3110 2243 3182 extraiudicialiter
2267 3109 2899 3195 confirmandum,
2918 3114 3171 3177 tamen

709 3214 935 3283 iudex
983 3216 1411 3304 catholicus,
1478 3219 1604 3305 qui
1667 3220 1761 3288 de
1820 3219 2203 3289 existentia
2273 3219 2388 3288 vel
2438 3219 2532 3288 de
2578 3236 2728 3285 non
2779 3209 3198 3287 existentia'

709 3320 1233 3410 impedimenti
1262 3327 1702 3397 sententiam
1741 3326 2025 3396 laturus
2073 3328 2224 3413 erit,
2258 3328 2550 3397 curabit
2578 3333 2658 3395 ut
2689 3327 2762 3394 in
2809 3324 3167 3395 iudicium

709 3440 1191 3521 compareant
1236 3439 1508 3522 ρει-ωε,
1559 3442 1784 3505 testes
1841 3437 1966 3523 qui
2038 3435 2487 3504 matrimonii
2547 3433 3024 3504 celebrationi
3072 3433 3172 3500 in·

709 3542 1132 3629 ter-fuerunt,
1191 3544 1585 3630 propinqui
1650 3562 1940 3630 eorum,
2003 3545 2128 3632 qui
2188 3549 2752 3630 contraxerunt,
2812 3562 2956 3613 nec
3016 3562 3163 3612 non

705 3669 970 3719 omnes
1016 3668 1212 3737 quos
1272 3650 1569 3718 sciverit
1614 3649 1706 3718 de
1770 3670 1853 3720 re
1908 3653 2351 3738 instructOS,
2415 3656 2495 3720 ut
2561 3650 2812 3719 omnia
2878 3649 3167 3737 possint

705 3759 1074 3846 cognosci,
1123 3776 1320 3845 quae
1366 3758 1461 3826 ad
1513 3755 1788 3825 factum
1854 3758 1987 3828 rite
2035 3759 2516 3830 iudicandum
2564 3760 2997 3828 conducere
3042 3777 3161 3847 po-

709 3869 970 3934 ter-unt.

837 3975 942 4040 32.
997 3970 1211 4052 Quod
1262 3971 1325 4040 si
1375 3970 1836 4065 praedictum
1903 3972 2520 4060 impedimentum
2572 3978 2820 4043 ortum
2883 3993 3164 4043 assera·

705 4090 821 4146 tur
869 4097 966 4147 ex
1012 4077 1493 4164 sponsalibus
1541 4096 1718 4147 cum
1751 4098 2075 4166 persona
2108 4080 2314 4149 alteri
2365 4080 2552 4168 parti
2602 4083 3159 4169 consanguinea

705 4186 773 4254 in
825 4184 1063 4274 gradu
1129 4185 1749 4272 impedimentum
1817 4187 2307 4257 constituente
2363 4187 2781 4271 contractiS‚
2832 4187 2929 4255 ad
2992 4185 3163 4255 iudi·

705 4294 900 4362 cium
950 4291 1482 4379 proferendum
1533 4291 1684 4361 duo
1733 4300 1951 4362 erunt
1998 4294 2475 4382 inquirenda,
2528 4293 2865 4363 videlicet
2909 4299 3156 4363 utrum

709 4420 960 4478 [evera
999 4409 1283 4469 asserta
1335 4400 1713 4485 sponsalia
1753 4401 2003 4470 locum
2047 4403 2443 4472 habuerint
2465 4422 2482 4489 ;
2521 4406 2591 4471 et
2625 4407 2880 4470 utrum
2920 4400 3151 4469 valida

705 4510 777 4574 in
825 4525 1057 4576 aensu
1105 4508 1467 4575 canonico
1533 4507 1789 4577 haberi
1858 4510 2162 4596 possint.
2228 4510 2567 4579 Primum
2628 4507 3152 4578 deducendum

709 4618 841 4686 erit
885 4634 984 4684 ex
1013 4614 1336 4701 partium
1371 4611 1861 4700 confessione,
1896 4617 2312 4686 dummodo
2346 4619 2491 4687 hae
2519 4617 3006 4703 exceptiones
3038 4613 3155 4682 mi·

3442 5270 3479 5293 Δ...
