3509 5317
1339 537 1695 597 -323-

296 672 487 742 nime
519 671 710 762 ‚apti
748 673 854 743 ad
911 672 1428 743 contrahenda
1496 672 1983 743 matrimonia
2041 679 2520 764 reputantur.
2593 679 2745 744 Sut-

293 780 628 869 fragatur
659 781 910 849 Motus
935 781 1287 869 proprius
1313 781 1495 851 Sixti
1521 782 1608 867 V,
1636 782 1760 870 qui
1796 781 2062 869 incipit:
2109 782 2287 851 Cam
2317 780 2745 872 frequentor

294 890 532 960 editus
580 889 699 958 die
743 892 831 959 27
882 888 1056 958 maii
1105 891 1300 974 15873
1375 887 1886 978 suffragantur
1947 889 2517 961 constitutiones
2579 911 2745 980 apo-

290 997 599 1066 stolicae
646 997 861 1067 Sedis
908 1003 977 1065 et
1024 1001 1379 1066 constans
1427 996 1801 1066 Ecclesiae
1862 997 2120 1084 praxis
2181 999 2251 1066 in
2315 999 2741 1069 huiusmodi

293 1106 543 1176 causis
590 1112 663 1176 et
710 1106 993 1175 iudiciis
1057 1105 1571 1192 gubernandis
1616 1123 1706 1174 ac
1767 1105 2276 1176 decernendis.
2325 1143 2370 1157 -
2436 1109 2604 1178 Iure
2653 1112 2746 1176 in=

291 1233 522 1302 super
570 1211 929 1283 naturali.
981 1215 1086 1282 De
1135 1212 1529 1282 intrinseca
1582 1213 1780 1281 enim
1818 1213 2099 1282 ratione
2140 1219 2213 1283 et
2244 1215 2562 1284 essentia
2597 1236 2745 1282 rnu-

289 1319 609 1390 trimonii
657 1326 787 1404 est,
835 1320 1180 1407 obligatio
1228 1325 1299 1388 et
1342 1319 1631 1388 traditio
1678 1338 2081 1406 corporum
2132 1321 2225 1390 ad
2276 1339 2501 1391 usum
2533 1328 2603 1391 et
2633 1344 2741 1392 cm-

291 1427 548 1515 pulam
599 1428 1113 1517 coniugalem:
1163 1432 1238 1497 at
1283 1428 1349 1496 is
1396 1427 1523 1514 qui
1572 1431 1933 1514 perpetuo
1978 1427 2138 1497 sive
2199 1428 2538 1498 absolute
2586 1432 2741 1500 sima

289 1544 592 1613 relative
640 1544 787 1613 iarn
841 1545 1215 1631 impotens
1262 1549 1393 1630 est,
1443 1543 1697 1630 nequit
1742 1541 2073 1630 profecto
2137 1563 2221 1614 se
2268 1544 2600 1633 obligare
2645 1548 2736 1612 ml

288 1651 622 1722 dandum
676 1651 788 1721 vel
839 1651 1285 1721 tradendum
1333 1669 1612 1738 corpus
1658 1669 1888 1720 suum
1935 1651 2030 1720 ad
2081 1652 2431 1739 copulam
2496 1656 2737 1723 conin-

286 1758 557 1846 galerr,
606 1777 781 1827 cum
830 1757 1398 1845 impossibilium
1448 1756 1649 1826 nulla
1699 1760 1792 1826 sit
1837 1757 2183 1846 obligatio
2231 1759 2438 1848 (Reg.
2491 1761 2617 1830 185
2673 1764 2741 1828 ΠΖ

286 1866 378 1935 de
428 1867 614 1955 Reg.
666 1864 836 1952 Iur.)
884 1871 956 1935 et
1003 1884 1226 1935 nemo
1261 1865 1553 1935 tradere
1587 1866 1824 1953 possit
1876 1872 2309 1952 potestatem
2353 1868 2473 1953 rei,
2511 1888 2737 1956 quassi

286 1976 493 2044 nullo
546 1976 774 2045 modo
826 1975 1053 2045 habet
1100 1976 1240 2059 (Ex
1289 1977 1467 2062 Reg.
1520 1975 1662 2043 Iur.
1713 1978 1801 2043 79
1866 1976 1936 2043 in
1984 1975 2074 2060 6).
2154 1975 2441 2046 Scilicet
2503 1997 2737 2065 quum

287 2101 460 2151 vera
520 2086 594 2151 et
636 2081 966 2170 perfecta
1012 2082 1277 2169 copula
1330 2087 1445 2150 est
1491 2082 1986 2167 impossibilis,
2045 2083 2412 2151 obiectum
2464 2092 2745 2152 conti-:t-

284 2194 448 2260 ctus
503 2190 1065 2259 matrimonialis
1112 2208 1262 2259 non
1315 2189 1574 2274 existit,
1624 2195 1696 2258 et
1749 2195 2294 2277 consequenter
2363 2193 2521 2280 ipse
2575 2213 2741 2264 cnw

283 2305 567 2369 tractus
635 2317 732 2366 ex
797 2307 1060 2368 natura
1114 2299 1217 2366 rei
1263 2301 1376 2366 est
1445 2297 1966 2384 impossibilis;
2016 2299 2333 2386 ideoque
2395 2302 2556 2370 iure
2625 2324 2741 2368 nu-

284 2405 501 2475 turali
549 2404 846 2473 nullum
896 2410 1120 2490 atque
1191 2403 1478 2473 irritum
1534 2409 1648 2474 est
1706 2405 2262 2475 matrimonium
2313 2406 2490 2475 illud
2538 2412 2733 2494 qum!

282 2530 453 2580 cum
514 2510 887 2598 praedicta
938 2504 1393 2579 antecedenti
1444 2528 1532 2579 ac
1580 2515 1944 2597 perpetua
1989 2512 2408 2598 impotentia
2482 2513 2733 2581 initum

280 2616 429 2689 fuit.
456 2655 507 2666 -
531 2618 766 2688 Secus
792 2628 971 2686 vero
1010 2618 1407 2686 dicendum
1436 2623 1549 2687 est
1579 2619 1641 2686 si
1674 2619 2099 2704 impotentia
2135 2619 2226 2688 sit
2255 2638 2729 2709 consequens,

280 2726 397 2794 vel
446 2725 515 2794 si
562 2726 1012 2795 antecedens
1041 2725 1342 2812 quidem
1380 2725 1489 2810 sit,
1523 2724 1656 2793 sed
1694 2723 2147 2814 temporalis.
2201 2727 2339 2795 Per
2371 2728 2510 2797 has
2542 2732 2736 2798 enim

281 2832 760 2920 impotentias
807 2832 1365 2901 matrimonium
1400 2849 1549 2900 non
1585 2832 1969 2917 dirimitur,
2003 2833 2174 2919 quia
2210 2835 2518 2904 actualis
2554 2857 2737 2904 usus

279 2939 737 3008 matrimonii
783 2938 878 3008 ad
932 2939 1096 3008 eius
1142 2939 1539 3009 essentiam
1593 2957 1742 3007 non
1793 2941 2122 3027 pertinet,
2184 2948 2253 3009 et
2323 2941 2609 3025 sufficit,
2669 2960 2737 3012 ιιτ,

280 3047 839 3116 consummatio
891 3045 1005 3115 vel
1050 3043 1269 3115 fuerit
1314 3045 1686 3133 possibilis
1733 3053 2071 3133 tempore
2127 3055 2573 3134 contractuS,
2625 3056 2737 3120 wel

281 3153 660 3241 possibilis
704 3152 953 3222 futura
997 3154 1107 3221 sit.
1157 3152 1404 3223 Potest
1449 3153 1645 3223 enim
1698 3154 1824 3240 qui
1871 3155 1944 3221 in
1980 3155 2346 3240 praesenti
2381 3155 2737 3224 solvenfhi

279 3279 430 3330 non
473 3264 618 3346 est,
670 3262 762 3331 ad
813 3260 1264 3329 solvendum
1315 3279 1399 3329 se
1446 3260 1797 3349 obligare,
1847 3262 1909 3328 si
1970 3280 2147 3347 spes
2194 3262 2288 3331 sit
2341 3260 2497 3331 fore
2558 3262 2737 3332 futu-

282 3387 453 3436 rum
503 3367 888 3456 solvendo.
962 3366 1125 3451 (Cfr.
1200 3367 1555 3454 SancheZ,
1626 3366 1719 3436 de
1778 3365 2106 3436 matrim.
2175 3373 2348 3437 tom.
2395 3373 2460 3438 2.
2513 3370 2625 3439 lib.
2678 3380 2737 3440 Τ.

280 3476 554 3564 disput.
603 3478 710 3545 98.
760 3513 806 3522 —
852 3476 1173 3564 Pirbing‚
1225 3476 1697 3560 Leurenium,
1734 3475 2069 3562 aliosque
2102 3477 2171 3543 in
2207 3476 2323 3544 lib.
2357 3479 2420 3545 4.
2457 3479 2733 3563 Deci-rt.

280 3584 378 3654 tit.
431 3586 519 3652 15
566 3583 661 3653 de
691 3581 954 3672 frigid.
1004 3587 1076 3651 et
1120 3581 1371 3671 males.
1419 3584 1601 3668 etc).

195 3883 204 3891 .
278 3836 339 3913 b)
385 3831 475 3899 Ex
519 3831 682 3899 aotis
725 3830 1084 3911 ostenditur,
1131 3832 1313 3899 virum
1373 3832 1653 3900 laborare
1720 3832 2067 3916 impotentia
2131 3832 2415 3900 absoluta
2474 3840 2733 3902 antena-

402 3930 1031 4096 ggztfiirssaffirpetua,
1080 3930 1233 4013 quod
1279 3929 1579 3998 oanonioa
1624 3935 1687 3996 et
1750 3929 2205 4016 medion-leoali
2272 3931 2729 4016 iuriam-udentia

418 4222 527 4288 17.
575 4219 795 4306 Atqui
828 4217 1050 4287 Caius
1080 4224 1481 4305 antequam
1516 4220 2075 4290 matrimonium
2111 4221 2320 4292 iniret
2350 4242 2522 4292 cum
2563 4224 2729 4292 Iulia

278 4326 430 4396 iam
502 4324 889 4396 laborabat
947 4325 1373 4412 impotentia
1440 4325 1755 4394 coeundi
1822 4326 2181 4410 absoluta,
2248 4330 2589 4416 naturali,
2641 4356 2733 4396 *aaz

280 4432 456 4503 vitio
507 4451 779 4518 nempe
825 4429 1230 4521 frigiditatis
1278 4433 1691 4517 intrinsecO,
1742 4433 2014 4504 scilicet
2073 4434 2455 4509 laborabat
2513 4436 2737 4524 impri-

279 4539 502 4610 tentia
564 4539 903 4608 absoluta
974 4539 1439 4609 antecedenti
1502 4547 1571 4609 et
1635 4544 2028 4629 perpetua.
2091 4542 2590 4612 Consulantur
2649 4555 2737 4612 tw-

280 4646 509 4715 stium
560 4645 1077 4733 depositioneS,
1099 4651 1170 4715 et
1190 4647 1285 4715 de
1315 4647 1403 4715 iis
1436 4647 1906 4733 impotentiae
1937 4647 2491 4718 characteribus
2523 4649 2737 4736 plfflw
