3509 5317
1670 497 2025 557 ..125-

631 634 829 719 verti,
884 635 1081 703 hunc
1149 634 1415 720 adigat,
1465 633 1705 719 etiam,
1755 633 1819 702 si
1869 651 2063 720 opus
2109 634 2221 715 sit,
2273 651 2408 720 per
2455 650 2740 720 poenas
2787 632 3101 701 canoni·

627 758 777 826 caS‚
828 740 921 809 a'd
971 739 1577 810 satisfaciendum
1624 741 1809 827 parti
1861 739 2129 810 laesae.
2164 740 2239 810 Si
2288 757 2469 808 vero
2518 739 2631 806 vir
2672 756 3103 808 conversus

626 846 920 916 nullum'
988 847 1053 916 ei
1100 845 1382 916 dederit
1449 847 1724 916 iustum
1778 865 1867 916 ac
1927 846 2358 916 rationabile
2427 846 2792 915 motivum
2863 846 3105 914 disce-

626 952 868 1039 dendi,
902 960 1032 1023 aut
1062 955 1247 1042 parti
1299 953 1547 1024 laesae
1596 955 1742 1023 iarn
1794 952 2245 1039 satisfecerit,
2292 972 2381 1023 ac
2429 955 2500 1021 in
2552 943 2878 1041 periculo
2932 971 3103 1022 ver·

625 1068 833 1131 setur
899 1062 1398 1132 damnationis
1466 1067 1836 1147 aeternae,
1886 1066 2063 1131 tunc
2135 1061 2273 1147 hic,
2326 1064 2496 1149 post
2548 1058 2939 1130 formalem
2991 1060 3105 1128 in-

626 1169 1231 1256 terpellationem,
1281 1171 1545 1257 poterit
1613 1169 1709 1237 ad
1760 1169 1905 1238 alia
1971 1176 2137 1237 vota
2188 1169 2544 1253 transire;
2593 1174 2667 1236 et
2718 1167 2813 1236 ad
2887 1185 3103 1236 men·

624 1284 796 1346 tem.
845 1313 887 1325 -
936 1278 1151 1346 Mens
1220 1282 1334 1346 est
1378 1285 1460 1348 ut
1505 1277 1575 1344 in
1627 1277 1855 1345 dubio
1927 1276 2278 1346 iudicium
2330 1279 2423 1346 sit
2491 1276 2562 1343 in
2615 1273 2952 1344 favorem
3011 1274 3102 1344 fi-

624 1383 741 1451 dei
776 1404 813 1446 »
856 1383 899 1448 ¹.
1458 1437 1463 1444 ,

756 1493 864 1559 54.
912 1493 1075 1560 Non
1140 1498 1389 1562 tamen
1442 1494 1539 1561 uti
1588 1493 1858 1579 poterit
1904 1491 2270 1561 eiusmodi
2341 1491 2721 1579 privilegio
2769 1491 2842 1559 in
2890 1489 3098 1560 favo-

625 1616 782 1665 rem
855 1596 1026 1668 fidei
1069 1616 1440 1667 concesso
1502 1599 1783 1668 coniux
1850 1597 2112 1684 fidelis,
2160 1600 2220 1666 si
2270 1597 2492 1667 altera
2552 1616 2732 1685 pars
2780 1598 2951 1667 item
3010 1595 3098 1665 fl-

622 1705 808 1773 delis
856 1704 1146 1773 labatur
1193 1706 1264 1773 in
1314 1706 1707 1791 haeresim,
1756 1711 1888 1776 aut
1932 1711 2263 1776 transeat
2308 1705 2401 1775 ad
2460 1705 2842 1794 gentilium
2892 1724 3096 1774 erro·

624 1830 765 1896 res,
816 1811 1165 1898 quamvis
1212 1812 1397 1881 alias
1467 1812 1610 1882 hoc
1657 1813 1726 1880 in
1779 1832 1960 1882 casu
2036 1814 2275 1882 maior
2323 1811 2551 1880 videri
2609 1822 2866 1899 posset
2909 1830 3088 1881 con-

624 1917 922 1988 tumelia
972 1917 1356 1987 Creatoris.
1395 1918 1516 1988 Sic
1562 1920 1762 1987 enim
1812 1937 2175 2005 expresse
2219 1916 2569 1987 definitur
2615 1918 2687 1986 in
2738 1918 3088 1988 decretali

623 2023 1024 2094 Innocentii
1057 2025 1151 2092 III
1186 2022 1240 2092 ²:
1293 2047 1331 2089 «
1363 2025 1436 2095 Si
1475 2045 1653 2095 vero
1687 2027 1872 2095 alter
1920 2023 2251 2094 fidelium
2302 2027 2712 2114 coniugum
2764 2025 2879 2094 vel
2912 2025 3087 2094 aba·

622 2139 739 2201 tur
802 2132 873 2201 in
935 2134 1341 2222 haeresim,
1401 2133 1516 2203 vel
1564 2139 1894 2204 transeat
1924 2134 2021 2203 ad
2053 2133 2471 2221 gentilitatis
2518 2151 2875 2217 errorem,
2929 2151 3083 2201 non

622 2241 1006 2310 credimus
1051 2240 1251 2329 quod
1304 2242 1371 2309 in
1424 2243 1567 2310 hoc
1613 2261 1798 2310 casu
1849 2243 1913 2310 is
1959 2243 2084 2329 qui
2150 2242 2602 2330 relinquitur,
2652 2243 2945 2311 vivente
2990 2240 3091 2311 al-

624 2350 1087 2435 ter0‚·possit
1153 2349 1249 2416 ad
1296 2349 1673 2419 secundas
1743 2351 2041 2435 nuptias
2111 2349 2532 2434 convolare,
2584 2348 2749 2417 licet
2793 2349 2863 2416 in
2940 2348 3089 2416 hoc

622 2472 803 2523 casu
856 2455 1093 2523 maior
1150 2461 1509 2543 appareat
1576 2456 2026 2526 contumelia
2075 2457 2440 2527 Creatoris
2472 2477 2535 2522 ».
2584 2457 2672 2524 Et
2719 2455 3084 2524 rationem

622 2560 1064 2631 diversitatis
1136 2563 1319 2632 inter
1376 2564 1576 2632 hunc
1646 2582 1909 2633 casum
1960 2570 2030 2632 et
2077 2564 2306 2633 alium
2379 2560 2736 2651 privilegii
2805 2561 3085 2649 paulini

625 2670 819 2737 hanc
849 2668 1095 2739 affert:
1150 2692 1186 2733 «
1219 2672 1408 2739 Nam
1446 2673 1579 2740 etsi
1629 2672 2187 2741 matrimonium
2229 2690 2488 2740 verum
2526 2670 2713 2739 inter
2745 2666 3087 2738 infideles

623 2777 910 2864 existat,
961 2796 1111 2846 non
1162 2782 1408 2847 tamen
1459 2789 1575 2847 est
1621 2789 1904 2864 ratum3
1954 2780 2141 2848 inter
2186 2777 2451 2848 fideles
2513 2782 2765 2847 autem
2816 2795 3086 2846 verum

622 2896 696 2954 et
741 2891 983 2953 ratum
1035 2884 1372 2953 existit».
1423 2886 1626 2956 Haec
1694 2904 1920 2973 porro
1973 2885 2372 2955 innocentii
2422 2885 2514 2953 111
2562 2884 2920 2953 sententia
2979 2903 3089 2952 re-

624 2991 762 3062 lata
802 2996 931 3077 est,
966 2992 1199 3079 inquit
1232 2992 1534 3080 Pirhing
1568 2990 1610 3078 ⁸,
1661 2993 1848 3062 inter
1889 2992 2062 3062 fidei
2096 2992 2389 3062 decr-eta
2440 2992 2872 3061 auctoritate
2903 2990 3090 3058 Con-

621 3097 759 3166 cilii
822 3097 1238 3166 tridentini*
1287 3098 1404 3166 his
1474 3100 1756 3167 verbis:
1811 3098 2095 3188 Siquis
2165 3097 2482 3184 dioeer‘it,
2510 3101 2854 3187 propter
2899 3097 3085 3165 hae-

622 3202 847 3273 resim
883 3254 1105 3272 .....
1154 3203 1460 3274 dissolvi
1499 3225 1721 3294 posse
1789 3205 2255 3276 matrimonii
2319 3204 2720 3291 vinculum,
2772 3204 3083 3273 anathe-

621 3331 750 3379 ma
797 3311 908 3379 sit.

755 3421 862 3487 55.
912 3420 1097 3489 Cum
1164 3420 1447 3490 traditis
1513 3426 1766 3509 autem
1843 3423 2214 3509 principiis
2283 3424 2378 3491 de
2446 3421 2711 3490 stantis
2776 3419 3081 3504 impedi·

625 3535 874 3595 mento
921 3525 1239 3596 foederis
1304 3530 1713 3616 generatim
1774 3538 2203 3615 congruunt
2245 3524 2442 3617 quae
2514 3528 2783 3597 docent
2850 3525 3090 3593 orien-

623 3633 876 3702 talium
952 3635 1222 3703 rituum
1271 3636 1664 3706 Ecclesiae.
1715 3637 1837 3707 Sic
1888 3643 1964 3706 ut
2011 3638 2298 3706 silentio
2369 3642 2835 3723 praeteream
2883 3651 3089 3720 quae

620 3760 662 3809 a
725 3740 1030 3829 Synodo
1100 3743 1617 3813 Ruthenorum
1690 3746 2127 3814 Zamosciae
2195 3763 2394 3814 anno
2468 3744 2644 3812 1720
2710 3740 3091 3811 celebrata

620 3849 1412 3936 praescribuntur'pro
1475 3858 1671 3920 statu
1722 3851 1973 3939 libero,
2028 3851 2141 3920 vel
2190 3852 2392 3920 obitu
2440 3849 2769 3919 absentis
2836 3848 3092 3917 coniu-

620 3953 734 4040 gis
765 3956 1330 4041 comprobando
1367 3955 1409 4043 ⁵,
1463 3955 1804 4043 referam,
1853 3977 2051 4045 quae
2097 3959 2316 4027 docet
2350 3955 2751 4026 [astructio
2801 3955 3093 4042 pro'tri-

757 4208 773 4243 ¹
821 4207 916 4266 Ex
957 4196 1154 4268 citata
1202 4208 1626 4285 Ephemeride‚
1674 4209 1825 4269 ibid.
1867 4227 2066 4286 pays).
2107 4207 2450 4270 697-698.

753 4304 777 4342 Β
823 4304 969 4382 Gap.
1019 4313 1269 4380 quanto
1317 4305 1378 4374 7,
1422 4307 1500 4364 de
1545 4309 1872 4367 divortiis·

752 4406 775 4442 ³
820 4406 1089 4483 Pirhing
1137 4407 1242 4463 lib.
1294 4404 1358 4464 4.
1411 4408 1532 4465 tin·
1567 4404 1669 4465 19.
1719 4426 1790 4467 n.
1844 4407 1954 4468 36.

752 4505 776 4541 ⁴
821 4507 985 4563 sess,
1039 4505 1149 4562 24.
1196 4521 1347 4564 can.
1398 4504 1460 4564 5.
1511 4505 1589 4564 de
1632 4515 2045 4566 sacramento
2089 4510 2526 4567 matrimonii.

751 4603 775 4638 ὖ
817 4602 972 4660 Vide
1015 4603 1124 4661 cit.
1174 4600 1487 4677 synodum
1530 4618 1723 4678 payy.
1783 4604 2092 4665 110-111
2141 4606 2251 4665 cit.
2299 4603 2447 4665 edit.
