3509 5317
863 517 1018 577 ..16-

325 654 548 725 matrimonii
575 653 724 724 ineundi
748 672 876 725 causa.
899 693 923 703 ·-
945 657 990 724 Et
1005 660 1136 742 raptus
1152 654 1311 726 habetur
1324 661 1364 726 ut
1375 655 1457 725 talis
1472 657 1553 726 sive

325 766 452 850 raptor
475 780 542 849 per
565 780 607 831 ae
631 762 710 832 sive
733 781 800 851 per
824 762 918 832 alios
942 763 1126 833 eiusmodi
1155 761 1300 833 facinus
1329 765 1553 850 committat3

324 869 404 939 sive
427 888 544 956 penes
568 888 620 954 se,
644 869 723 938 sive
746 889 864 956 penes
895 870 989 941 alios
1017 875 1164 957 raptam
1194 889 1396 958 personam
1422 871 1458 939 in
1481 890 1555 941 sua

325 977 479 1046 retineat
501 982 691 1064 potestate.
716 1015 738 1025 -
760 977 856 1046 Nihil
880 981 1007 1047 autem
1031 975 1142 1049 refert
1166 978 1246 1047 sive
1270 977 1448 1047 muliere
1472 977 1555 1047 loco

324 1089 402 1153 tuto
425 1102 493 1170 per
519 1083 593 1151 vim
617 1083 866 1170 abstrahatur,
892 1084 972 1153 sive
995 1084 1082 1154 dolo
1098 1084 1223 1173 aliquo
1239 1084 1496 1155 circumducta
1516 1086 1553 1153 in

323 1195 543 1278 potestatem
567 1191 753 1261 molientis
777 1191 947 1279 rapinam
964 1192 1081 1261 inscia
1096 1191 1281 1277 deveniat;
1294 1192 1458 1280 itemque
1474 1193 1555 1261 sive

323 1318 345 1368 e
368 1299 528 1387 propriis
551 1299 708 1368 aedibus
731 1299 852 1368 aliove
868 1303 946 1368 tuto
963 1299 1045 1368 loco
1060 1298 1309 1385 abstrahatur,
1322 1319 1371 1369 an
1384 1318 1474 1369 vero
1487 1319 1555 1387 per

321 1404 474 1475 fraudes
497 1424 546 1474 ex
570 1406 613 1474 iis
636 1406 807 1493 abducta,
832 1405 1204 1475 circumveniaturac
1220 1406 1555 1493 praepediaturde·

323 1512 408 1581 inde
436 1530 483 1581 ne
507 1513 555 1582 ad
579 1517 698 1582 tutum
725 1513 849 1582 locum
876 1513 991 1582 libere
1023 1513 1155 1582 reverti
1181 1513 1302 1583 valeat
1320 1512 1341 1600 ¹,
1367 1532 1484 1601 quum
1517 1515 1553 1581 in

324 1619 382 1689 his
404 1637 525 1706 aeque
548 1619 645 1689 adsit
668 1619 843 1689 violentia
866 1638 965 1708 quae
981 1620 1181 1708 requiritur
1196 1619 1244 1690 ad
1259 1624 1388 1708 raptus
1411 1620 1552 1690 crimen

323 1725 637 1795 constituendum.
1405 1725 1409 1730 '

387 1836 420 1903 3.
445 1833 524 1903 lam
549 1852 638 1902 vero
655 1834 799 1904 nullum
815 1835 910 1904 inter
926 1841 1115 1921 raptorem
1131 1841 1167 1904 et
1183 1839 1328 1922 raptam
1350 1834 1554 1904 consistere

324 1940 602 2010 matrimonium
627 1946 757 2028 potest,
781 1941 963 2030 quamdiu
988 1941 1082 2011 haec
1109 1943 1144 2010 in
1180 1941 1340 2029 raptoris
1375 1941 1555 2010 manserit

322 2056 513 2138 potestate.
548 2050 699 2121 Constat
732 2069 783 2119 ex
817 2049 978 2120 Concilio
1013 2049 1228 2119 Tridentino
1252 2046 1285 2136 ²,
1322 2050 1423 2137 quod
1459 2048 1552 2118 alias

321 2160 415 2228 inter
437 2176 580 2244 poenas
602 2164 733 2228 contra
757 2162 927 2244 raptores
950 2157 1119 2244 aliosque
1151 2161 1329 2242 statutas,
1366 2155 1551 2224 eiusmodi

321 2269 432 2337 etiam
456 2266 581 2335 sanxit
602 2263 873 2335 tithebilitatem
896 2265 1140 2334 contrahendi
1171 2281 1259 2333 cum
1294 2269 1397 2350 rapta
1431 2262 1554 2332 matri·

321 2373 501 2458 monium,
526 2378 566 2441 ut
587 2374 686 2441 sarta
710 2376 881 2458 tectaque
904 2370 998 2441 foret
1025 2369 1248 2441 matrimonii
1275 2369 1426 2439 ineundi
1447 2369 1553 2438 liber-

319 2486 386 2566 tas,
400 2499 496 2549 neve
509 2479 581 2548 ulla
594 2478 748 2548 crimine
760 2483 890 2566 raptus
903 2479 989 2547 huic
1005 2478 1157 2548 libertati
1170 2478 1397 2566 irrogaretur
1407 2477 1551 2548 iniuria.

386 2589 418 2656 4.
443 2587 552 2658 Unde
575 2590 683 2673 patet,
701 2603 768 2654 cur
785 2585 1095 2672 impedimentum
1113 2591 1243 2673 raptus
1270 2603 1319 2653 ex
1344 2584 1550 2653 novissimo

320 2694 519 2765 Tridentini
544 2694 633 2778 iure,
658 2712 732 2762 non
757 2693 910 2782 quidem
935 2697 1159 2781 perpetuum
1183 2691 1318 2778 sitsed
1335 2691 1383 2761 ad
1400 2696 1550 2779 tempus

319 2801 504 2890 perduret,
529 2800 650 2869 donec
674 2798 812 2869 scilicet
836 2800 970 2869 mulier
1004 2817 1098 2869 suae
1134 2800 1347 2869 restituatur
1382 2798 1548 2885 libertati,

209 2948 212 2954 f
318 2908 516 2994 eidemque
539 2905 636 2976 illata
661 2905 833 2975 violentia
857 2910 988 2975 cesset.

386 3174 396 3211 ¹
418 3173 484 3233 Gir.
503 3173 745 3233 declarationem
761 3172 793 3231 S.
812 3171 1070 3248 Congregationis
1085 3171 1216 3230 Consilii
1230 3170 1270 3230 25
1285 3171 1362 3231 iunii
1379 3170 1467 3243 1864,
1480 3189 1553 3230 con-

318 3273 475 3332 firmatam
497 3271 547 3329 die
571 3270 612 3329 27
632 3270 757 3347 augusti
777 3288 803 3328 e.
821 3289 864 3339 a,
882 3269 961 3345 apud
983 3268 1218 3345 Ephemaridem
1239 3268 1443 3346 inscriptam:
1467 3269 1552 3326 Acta

318 3371 461 3430 Sanctae
477 3370 569 3428 Sedis
585 3371 623 3427 in
645 3368 878 3443 compendium
900 3368 1046 3433 redacta,
1061 3366 1123 3425 vol.
1143 3365 1171 3424 1.
1189 3384 1209 3423 α
1221 3383 1300 3441 paq.
1317 3366 1359 3424 15
1382 3367 1425 3423 ad
1437 3383 1471 3441 p.
1490 3363 1548 3424 24.

385 3465 505 3526 esee.
534 3465 590 3525 24.
624 3483 652 3526 c.
687 3465 720 3525 6.
744 3464 784 3524 de
811 3466 982 3539 reformat.
1011 3466 1157 3521 matrim.
1180 3494 1218 3508 -
1238 3464 1282 3523 ibi
1302 3495 1340 3508 -
1369 3463 1551 3523 «Deseruit

318 3568 460 3626 «sancta
482 3564 633 3641 Synodus,
657 3564 740 3623 inter
768 3566 926 3640 raptorem
947 3565 980 3622 et
1000 3564 1135 3639 raptam,
1157 3562 1291 3638 quandiu
1317 3562 1384 3638 ipsa
1408 3561 1440 3620 in
1466 3565 1553 3639 pota·

318 3683 336 3722 a
351 3667 435 3723 state
449 3661 587 3739 raptoris
602 3660 763 3732 manserit,
781 3659 900 3718 nullum
914 3676 1001 3737 posse
1015 3660 1185 3718 consistere
1200 3659 1444 3722 matrimonium.
1467 3658 1550 3725 Quod

317 3760 377 3820 ‹si
398 3762 491 3836 rapta
518 3776 536 3815 a
558 3745 682 3834 raptore
711 3760 868 3834 separata,
891 3761 924 3814 et
944 3755 976 3814 in
1005 3755 1071 3814 loco
1092 3759 1159 3816 tuto
1181 3772 1217 3813 ac
1239 3755 1338 3815 libero
1366 3756 1549 3825 constituta,

318 3858 440 3917 «illum
462 3856 611 3916 invirum
634 3855 748 3913 habere
770 3854 972 3924 consenserit,
996 3870 1063 3912 eam
1085 3859 1194 3929 raptor
1216 3853 1246 3911 in
1269 3870 1396 3912 uxorem
1417 3853 1548 3925 habeat3

317 3974 335 4014 a
349 3960 382 4015 et
403 3954 604 4014 nihilominus
618 3957 727 4031 raptor
741 3954 805 4030 ipse
827 3956 860 4011 et
873 3969 978 4010 omnes
993 3950 1043 4010 illi
1059 3950 1233 4021 consilium,
1250 3952 1402 4011 auxilium
1417 3955 1450 4009 et
1464 3949 1550 4009 favo·

317 4070 416 4113 ‹ram
437 4053 620 4130 praebentes
640 4052 705 4111 sint
725 4051 792 4129 ipso
813 4050 881 4109 iura
901 4050 1161 4109 excommunicati
1182 4067 1219 4108 ac
1239 4048 1547 4127 perpetrationes,

317 4150 544 4225 «omniumque
565 4149 755 4225 dignitatum
777 4148 957 4226 incapaces;
980 4151 1013 4206 at
1033 4147 1060 4206 si
1081 4147 1191 4207 clerici
1213 4147 1340 4220 fuerint,
1363 4147 1399 4205 de
1425 4146 1549 4223 proprio

317 4246 448 4325 «gradu
469 4245 621 4305 decidant.
655 4246 811 4305 Teneatur
833 4247 995 4322 praeterea
1024 4247 1132 4319 raptor
1153 4244 1314 4303 mulierem
1337 4246 1461 4320 raptam
1482 4241 1550 4301 sive

316 4362 419 4404 «eam
448 4360 575 4402 uxorem
600 4344 735 4415 duxerit,
765 4343 832 4403 sivo
859 4360 918 4401 non
944 4342 1081 4412 duxerit,
1111 4340 1255 4402 decenter
1275 4341 1408 4401 arbitrio
1437 4339 1550 4399 iudicis

316 4462 334 4501 a
349 4442 456 4502 dotare
471 4459 500 4499 a.
518 4471 556 4486 -
571 4442 615 4500 Da
637 4441 694 4500 hoc
709 4439 851 4517 synodali
865 4440 989 4500 decreto
1003 4439 1168 4516 poenisque
1188 4439 1317 4500 inflictis
1339 4439 1406 4499 fuse
1421 4438 1550 4514 loquun-

316 4545 368 4600 tur
389 4539 480 4630 citati
502 4542 654 4610 auctores,
678 4539 818 4599 Sanchaa
842 4538 897 4597 lib.
918 4536 948 4596 7.
966 4536 1050 4611 disp.
1073 4535 1135 4604 13;
1149 4536 1284 4613 Pirhing
1300 4536 1356 4595 lib.
1374 4533 1406 4596 5.
1425 4537 1473 4592 tit.
1492 4532 1546 4594 17.

315 4644 389 4696 sect.
417 4634 447 4694 1.
471 4635 490 4709 ἓ
512 4633 815 4704 IV,·-Lauranius
844 4634 900 4692 tib.
928 4632 961 4692 4.
985 4635 1033 4693 tit.
1058 4631 1091 4693 2.
1121 4641 1247 4710 quaest.
1275 4631 1352 4693 122.
1380 4635 1413 4692 et
1434 4631 1545 4692 ceteri.
