3509 5317
1709 536 2066 595 -118—

673 666 999 744 habitare
1067 693 1242 743 cum
1315 675 1546 744 altero
1616 673 1935 761 coniuge
2005 691 2374 743 converso
2443 672 2606 741 sine
2674 670 3128 740 contumelia

669 783 1035 852 Creatoris
1084 783 1145 868 ¹,
1196 791 1268 851 et
1325 783 1503 870 quin
1575 784 1872 870 coniugi
1933 800 2302 851 converso
2354 781 2769 869 periculum
2841 781 3136 868 ingerat

669 890 1192 976 perversionis,
1244 889 1356 958 vel
1404 890 1502 958 ad
1552 889 1819 959 lethale
1856 890 2233 976 pertrahat
2266 894 2691 975 peccatum:
2726 888 3130 975 quaeritur,

669 1016 764 1066 an
816 997 1026 1067 liceat
1071 996 1550 1066 nihilominus
1597 998 1895 1084 coniugi
1927 997 2022 1065 ad
2055 995 2287 1064 fidem
2321 1014 2690 1066 converso
2749 993 3134 1064 infidelem

669 1102 1038 1187 deserere,
1089 1108 1158 1171 et
1209 1104 1530 1190 primum
1580 1103 1995 1172 dissolvere
2041 1102 2472 1191 coniugium
2547 1102 2731 1171 alias
2803 1101 3135 1170 ineundo

671 1213 967 1298 nuptias
1014 1229 1190 1280 cum
1239 1211 1457 1280 fideli.
1505 1249 1550 1258 —
1596 1212 1895 1298 Duplex
1939 1211 2153 1290 adest
2182 1210 2567 1279 sententia:
2617 1209 2854 1296 prima
2887 1214 3133 1297 negat,

673 1338 895 1406 posse
942 1338 1395 1389 conversum
1447 1319 1590 1388 hoc
1639 1319 1708 1385 in
1758 1337 1942 1387 casu
1993 1318 2192 1386 aliud
2244 1317 2486 1388 valide
2532 1318 2715 1387 inire
2760 1318 3139 1388 matrimo-
3179 1383 3184 1388 .

671 1426 899 1511 nium,
955 1433 1032 1495 ut
1080 1427 1333 1514 plures
1381 1428 1525 1494 DD.
1576 1431 1828 1496 tenent
1876 1423 1921 1492 ².
1981 1426 2227 1495 Altera
2277 1425 2662 1509 sententia,
2727 1442 2959 1511 quarn
3019 1442 3139 1492 ve-

671 1535 941 1602 riorem
995 1534 1370 1602 existimat
1416 1533 1754 1602 Sanchez
1806 1530 1849 1620 ⁸,
1899 1533 2116 1602 docet
2171 1551 2397 1618 posse
2444 1533 2688 1601 dirimi
2747 1532 3133 1600 vinculum

672 1641 938 1727 prioris
987 1641 1453 1725 matrimonii,
1504 1647 1575 1708 et
1643 1641 2041 1729 coniugem
2117 1657 2574 1709 conversum
2650 1656 2877 1726 posse
2947 1638 3134 1707 alias

673 1749 854 1816 inire
902 1747 1218 1834 nuptiae,
1268 1749 1331 1816 si
1377 1746 1695 1817 infidelis
1742 1748 2072 1817 converti
2122 1752 2404 1832 renuat,
2439 1748 2793 1834 quamvis
2824 1744 3134 1833 pacifice

671 1856 1096 1926 cohabitare
1146 1856 1317 1925 velit
1361 1874 1537 1924 cum
1586 1854 1806 1941 fideli,
1879 1855 2042 1923 sine
2111 1855 2240 1922 Dei
2310 1853 2765 1923 contumelia
2832 1859 2905 1921 et
2973 1853 3133 1920 sine

672 1963 1160 2050 pertractione
1205 1961 1447 2032 fidelis
1494 1963 1590 2032 ad
1639 1969 2056 2049 peccatum.
2102 2000 2145 2010 -
2196 1963 2441 2046 Ratio,
2490 1979 2721 2048 quam
2789 1958 3132 2042 afferunt,

674 2071 858 2141 haec
904 2077 1036 2139 est.
1088 2071 1304 2140 quta
1353 2070 1817 2159 privilegium
1869 2069 1938 2137 in
1988 2066 2324 2138 favorem
2373 2065 2545 2137 fidei
2593 2089 2636 2136 a
2690 2066 2923 2135 Paulo
2976 2084 3137 2154 pro-

673 2179 1113 2266 mulgatum,
1165 2190 1340 2246 tunc
1386 2176 1625 2246 fidelis
1673 2195 1824 2245 non
1883 2183 1996 2245 est
2058 2175 2441 2245 subiectus
2511 2173 2846 2243 servituti
2921 2172 3137 2258 (idest

671 2285 990 2372 coniugii
1039 2284 1360 2368 vinculo)
1409 2283 1677 2370 prioris
1725 2282 2195 2366 matrimonii,
2244 2287 2315 2350 et
2365 2280 2547 2348 liber
2593 2290 2707 2348 est
2763 2279 2860 2351 ad
2932 2278 3132 2347 aliud

670 2391 1106 2477 ineundum,
1156 2389 1458 2478 quando
1510 2387 1827 2459 infidelis
1875 2389 2185 2458 discedit
2255 2408 2347 2458 ac
2418 2386 2762 2475 relinquit
2827 2386 3131 2465 fidelem

673 2516 806 2584 per
853 2495 1370 2566 discessionem
1415 2496 1809 2587 physicam
1858 2498 1955 2565 ob
2026 2498 2251 2565 huius
2320 2497 2898 2565 conversionem
2927 2549 2943 2579 ,
3016 2495 3132 2564 vel

673 2623 838 2674 eam
890 2594 1509 2674 cohabitationem
1558 2605 1775 2693 eligit,
1826 2623 2020 2692 quae
2066 2601 2265 2673 fideli
2309 2603 2547 2672 illicita
2577 2608 2709 2689 est,
2743 2620 2882 2671 seu
2908 2602 3140 2671 disce·

671 2714 777 2783 dit
825 2733 956 2801 per
1002 2710 1525 2783 discessionem
1573 2713 1959 2782 moralem.
2012 2749 2055 2761 -
2102 2715 2323 2800 Atqui
2376 2712 2596 2781 hodie
2645 2710 2973 2780 illicitum
3025 2718 3139 2780 est

670 2818 869 2889 fideli
942 2820 1273 2889 habitare
1342 2838 1516 2889 cum
1597 2821 1916 2908 coniuge
1986 2817 2256 2887 infideli
2331 2820 2402 2886 in
2477 2816 2903 2887 infidelitate
2976 2838 3136 2906 per·

674 2927 889 2995 tinaci
938 2925 982 2993 ⁴.
1033 2927 1318 2996 Etenim
1370 2927 1699 3014 primum
1756 2927 1827 2994 in
1887 2926 2210 2996 Concilio
2263 2926 2617 2996 Toletano
2655 2926 2754 2993 IV
2788 2945 2908 2994 an.
2943 2926 3140 2995 Chri·

808 3159 824 3193 ¹
874 3158 1261 3218 Contumelia
1290 3157 1608 3218 Creatoris
1654 3159 1993 3218 haberetur
2036 3159 2088 3217 si
2147 3159 2418 3218 infidelis
2477 3162 2667 3219 Deum
2710 3164 2774 3219 et
2818 3159 3136 3219 Christum

674 3257 1155 3334 blasphemaret,
1188 3256 1320 3317 eius
1361 3275 1577 3316 nomen
1621 3258 1986 3334 despiceret,
2034 3259 2165 3317 eius
2208 3259 2566 3335 prohiberet
2607 3259 2839 3328 laudes,
2882 3276 3141 3319 conver-

673 3355 904 3414 sionem
969 3355 1440 3415 domesticorum
1505 3356 1834 3434 impediret
1885 3362 2028 3427 etc„
2077 3363 2146 3416 ut
2202 3357 2264 3415 in
2318 3357 2596 3434 pluribus
2640 3359 2794 3416 iuris
2856 3358 3136 3417 canonici

675 3454 950 3513 textibus
990 3454 1367 3513 declaratur.

806 3552 831 3589 ²
876 3553 1050 3629 Apud
1095 3553 1370 3611 Sanchez
1419 3553 1524 3612 lib.
1580 3552 1640 3612 7.
1691 3554 1860 3627 disp.
1917 3550 2023 3611 74.
2074 3572 2142 3611 n.
2197 3553 2260 3611 8.

807 3650 831 3687 ⁸
876 3650 1151 3708 Sanchez
1199 3652 1352 3707 ibid.
1403 3669 1470 3708 n.
1526 3650 1587 3707 9.

808 3744 830 3781 ⁴
875 3746 961 3802 At
1003 3761 1150 3803 vero
1203 3744 1452 3802 Vicario
1502 3745 1842 3821 apostolico
1872 3746 2186 3822 Tongkini
2228 3746 2630 3806 occidentalis
2671 3747 2921 3805 dubium
2955 3764 3140 3824 expo-

675 3843 841 3902 nenti
874 3843 935 3900 in
967 3860 1113 3901 casu
1156 3845 1537 3902 matrimonii
1582 3848 1859 3920 tempore
1901 3844 2297 3904 infidelitatis
2341 3846 2506 3917 initi,
2540 3847 2683 3906 dum
2726 3847 2893 3905 alter
2931 3848 3141 3905 coniu-

675 3957 818 4017 gum
871 3940 946 3999 ad
999 3941 1181 3999 fidem
1244 3942 1670 4001 convertitur:
1721 3959 1758 3999 <t
1791 3944 1886 4000 An
1941 3943 1993 4001 si
2047 3961 2164 4001 non
2229 3943 2483 4003 daretur
2547 3944 2698 4003 talis
2760 3943 3138 4020 dispensatio

673 4038 882 4115 (super
933 4039 1134 4098 cultus
1190 4039 1615 4117 disparitate),
1663 4058 1809 4118 pars
1862 4059 2162 4100 conversa
2216 4060 2331 4100 non
2385 4047 2589 4119 posset
2644 4060 2754 4102 nec
2809 4042 2984 4102 licite
3027 4059 3136 4100 nec

675 4139 879 4196 valide
908 4155 1230 4197 remanere
1271 4157 1407 4197 cum
1438 4156 1548 4198 sua
1576 4145 1895 4216 comparte
1938 4140 2198 4211 infideli,
2233 4140 2366 4199 sine
2407 4142 2784 4200 contumelia
2818 4139 3139 4201 creatoris

677 4237 1035 4296 cohabitare
1078 4237 1536 4297 consentienti?
1567 4256 1602 4296 ›
1646 4270 1722 4283 —
1770 4239 1836 4296 S.
1885 4237 1952 4300 G.
2000 4239 2065 4299 S.
2115 4239 2236 4300 off.
2274 4240 2371 4298 die
2427 4239 2507 4296 14
2550 4240 2905 4298 decembris
2962 4238 3139 4296 1848

672 4335 1024 4411 respondit:
1073 4355 1109 4393 (ι
1141 4335 1389 4401 Quando
1431 4353 1577 4413 pars
1618 4336 1890 4396 infidelis
1929 4337 2238 4397 consentit
2281 4338 2569 4397 habitare
2611 4356 2748 4397 cum
2787 4337 2954 4397 fideli
3000 4339 3142 4397 abs-

672 4452 788 4509 que
830 4433 1203 4492 contumelia
1247 4433 1585 4505 Creatoris‚
1632 4434 2109 4495 matrimonium.
2141 4437 2480 4496 consistere
2524 4437 2701 4496 iuxta
2745 4437 2816 4495 D.
2847 4436 3134 4507 Paulum,

675 4540 879 4605 atque
925 4532 1012 4587 ad
1054 4531 1442 4589 huin-smodi
1501 4535 1802 4607 effectam
1861 4534 2133 4592 nullam
2181 4537 2253 4591 in
2298 4551 2460 4592 casu
2507 4536 2958 4593 necessariam
3001 4550 3141 4593 esse

674 4629 1322 4703 dispensationem».
1369 4628 1465 4706 (In
1511 4630 1620 4690 cit.
1671 4632 2094 4690 Collectanea
2135 4648 2288 4707 pay.
2343 4630 2505 4688 424.
2552 4650 2622 4693 n.
2676 4630 2859 4710 946).
2902 4665 2944 4678 -

3289 10 3405 19 τ--ντ
3426 10 3463 13 --
