3509 5317
1378 509 1694 569 -45—

298 643 488 713 odas
566 646 972 716 libanensis
1021 645 1066 713 ¹.
1117 684 1200 693 —
1267 648 1430 715 Non
1485 644 1650 716 sola
1696 653 1950 716 autem
2011 645 2585 731 Maronitarum,
2636 647 2764 715 sed

302 754 658 823 universa
716 750 1122 824 Orientalis
1179 752 1508 822 Ecclesia
1553 753 2017 842 cognationis
2079 752 2334 842 legalis
2396 758 2591 823 tenet
2648 754 2768 821 iti]-

301 859 855 948 pedimentum,
904 861 1259 949 quamvis
1305 860 1601 931 dive1sa
1667 879 2169 948 personarum
2239 860 2768 948 graduumque

300 969 605 1037 ratione.
658 969 766 1037 De
791 986 880 1038 eo
909 987 1238 1056 namque
1263 969 1455 1038 haec
1478 968 1728 1038 scribit
1763 967 2119 1037 Blastaris
2150 968 2219 1051 in
2256 968 2768 1056 syntagmate:

302 1095 340 1137 «
369 1076 539 1143 Non
590 1081 838 1162 potest
884 1081 1108 1162 pater,
1159 1075 1284 1163 qui
1317 1074 1554 1144 fllium
1589 1074 1987 1161 adoptavit,
2022 1073 2149 1142 filii
2182 1074 2504 1161 adoptivi
2540 1072 2768 1144 filiani

301 1180 411 1249 vel
459 1188 769 1270 neptem
818 1183 1133 1269 ducere;
1186 1201 1325 1253 nec
1371 1180 1570 1251 filius
1627 1181 2029 1269 adoptivus
2078 1181 2499 1268 adoptantis
2544 1183 2772 1268 patris

299 1307 621 1359 uxorem
675 1289 794 1359 vel
845 1294 1158 1360 matrem
1212 1290 1327 1359 vel
1398 1307 1739 1358 sororem
1813 1291 2073 1360 matris
2138 1290 2253 1359 vel
2321 1295 2618 1376 neptem
2670 1309 2768 1359 ex

293 1394 443 1465 filio
477 1419 516 1461 x»
571 1394 619 1464 ².

1211 1615 1760 1686 ARTICULUS
1810 1614 1891 1681 ΙΙ.

1050 1789 1137 1856 De
1183 1790 1518 1858 affinitatis
1574 1791 2015 1874 impedimento.

434 1985 495 2051 1.
547 1982 898 2051 Affinitas
944 1986 1056 2055 est
1104 1985 1620 2072 propinquitas
1667 2003 2172 2072 personarum
2213 2002 2309 2053 ex
2343 1982 2621 2053 carnali
2655 2002 2768 2052 co-

296 2090 472 2177 pula
525 2090 1000 2178 provenienS‚
1054 2099 1134 2162 ut
1156 2094 1654 2161 communiter
1685 2092 2066 2161 cum-divo
2100 2090 2388 2160 Thoma
2440 2109 2606 2160 eam
2643 2089 2764 2159 deu

294 2194 569 2267 finiunt
629 2204 789 2269 tum
846 2200 1192 2288 theologi,
1259 2205 1417 2271 tum
1485 2200 1877 2287 utriusque
1942 2198 2125 2267 iuris
2194 2198 2402 2284 periti
2452 2196 2495 2261 ⁸.
2577 2198 2764 2267 Cum

296 2306 494 2375 enim
551 2325 685 2394 per
731 2306 1093 2394 copulam
1142 2308 1254 2375 vir
1301 2313 1372 2379 et
1418 2307 1686 2376 mulier
1744 2305 1930 2376 flant
1989 2325 2146 2374 una
2204 2323 2402 2389 cam,
2451 2304 2760 2391 sanguis

294 2414 527 2483 unius
573 2413 837 2483 dicitur
885 2414 1191 2486 alterius
1239 2415 1685 2503 sanguinem
1735 2420 2079 2501 tangere3
2129 2431 2219 2482 ac
2249 2412 2562 2499 proinde
2602 2430 2768 2481 con-

294 2521 695 2609 sanguinei
740 2518 1066 2592 feminae
1117 2523 1538 2592 redduntur
1585 2522 1982 2609 propinqui
2031 2539 2169 2591 seu
2210 2519 2477 2589 affines
2525 2520 2662 2588 viri
2694 2521 2760 2587 in

295 2647 385 2697 eo
434 2628 681 2717 gradu
730 2629 802 2697 in
856 2649 1006 2717 quo
1042 2636 1223 2701 sunt
1252 2629 1794 2719 consanguinei
1827 2629 2170 2714 feminae3
2206 2636 2279 2697 et
2309 2632 2570 2697 mutua
2606 2628 2764 2697 vice

294 2737 839 2824 consanguinei
891 2736 1025 2806 viri
1074 2735 1267 2807 flunt
1313 2736 1578 2807 affines
1625 2737 1947 2807 feminae
1997 2738 2067 2804 in
2118 2754 2208 2805 eo
2242 2735 2483 2823 gradu
2507 2736 2579 2803 in
2614 2754 2764 2822 quo

297 2854 479 2911 sunt
523 2843 1070 2931 consanguinei
1120 2845 1251 2912 viri
1304 2842 1350 2911 ⁴.

435 2953 502 3018 2.
553 2950 670 3019 Ad
721 2953 908 3021 haec
955 2951 1230 3021 clarius
1284 2970 1373 3021 ac
1443 2952 1732 3040 plenius
1782 2951 2243 3022 enucleanda
2300 2949 2764 3020 animadver-

294 3057 611 3126 tendum
659 3063 789 3145 est,
862 3060 1132 3147 triplex
1193 3060 1368 3128 olim
1434 3058 1664 3129 fuisse
1730 3058 2109 3129 affinitatis
2177 3076 2439 3147 genus,
2490 3073 2760 3142 nempe

289 3162 634 3251 primum
690 3184 838 3235 una
902 3166 1270 3237 duntaxat
1335 3166 1579 3236 media
1648 3166 2232 3236 contrahebatur
2282 3182 2625 3251 persona,
2686 3175 2764 3233 ut

296 3290 416 3340 ex.
465 3290 576 3359 gr.
624 3272 686 3339 si
752 3271 978 3342 Titias
1024 3271 1259 3344 frater
1311 3273 1469 3343 Caii
1511 3272 2077 3343 matrimonium
2149 3271 2429 3341 iniisset
2472 3277 2546 3340 et
2592 3288 2760 3339 con-

190 3465 200 3477 „
293 3386 763 3448 summasset
810 3397 983 3447 cum
1041 3380 1309 3465 Berta,
1366 3381 1554 3451 haec
1609 3379 1766 3449 Caii
1812 3378 2059 3450 affinis
2090 3386 2268 3466 erat,
2316 3380 2528 3448 sicuti
2564 3397 2760 3447 nunc

295 3491 430 3554 est.
480 3523 524 3534 -
571 3484 917 3554 Alterum
975 3506 1218 3575 genus
1265 3486 1639 3558 affinitatis
1686 3487 1989 3557 duabus
2051 3488 2313 3556 mediis
2382 3487 2764 3557 contrahe-

300 3592 519 3662 batur
566 3587 944 3681 personis'3
995 3589 1080 3664 ut'
1121 3595 1183 3664 si
1217 3591 1514 3665 mortuo
1570 3593 1779 3681 Titio,
1827 3596 2069 3664 Βορέα
2101 3594 2573 3664 matrimonio
2605 3594 2760 3662 iun·

296 3699 617 3788 gebatur
663 3718 837 3770 cum
906 3690 1372 3790 Sempronio,
1445 3700 1961 3792 Sempronius,
2028 3702 2211 3772 alter
2243 3699 2556 3770 'Bartae
2614 3718 2764 3771 ma-

296 3809 502 3895 rituS,
550 3814 710 3878 tum
756 3808 1042 3896 Caium,
1100 3816 1254 3880 tum
1283 3809 1913 3898 ‚omnesdefuncti
1950 3811 2105 3879 Titii
2138 3809 2760 3898 {consanguineos

295 3916 632 3985 secundo
683 3914 1057 3987 affinitatis
1106 3936 1382 4005 genere
1429 3919 1925 4007 contingebat.
1972 3956 2019 3965 -
2082 3916 2405 3998 Tertium
2443 3918 2764 4004 denique

294 4020 671 4093 affinitatis
717 4041 962 4111 genus
1007 4025 1247 4094 tribus
1296 4025 1879 4095 contrahebatur
1933 4024 2195 4094 mediis
2239 4024 2605 4113 personis.
2656 4025 2752 4093 Itn

433 4218 454 4255 ¹
501 4218 732 4294 Synod,
780 4219 1076 4285 Maronit.
1124 4238 1222 4287 an.
1280 4220 1592 4289 1736100,
1642 4223 1749 4290 cic.

431 4315 457 4354 ²
501 4317 1003 4393 Papp-Szilagyi
1050 4319 1164 4377 loc,
1212 4320 1321 4386 cit,
1369 4319 1407 4392 5
1455 4318 1605 4379 113.
1767 4384 1773 4389 ,
1985 4385 1993 4391 ,

430 4414 455 4451 ⁸
499 4414 658 4474 Vide
705 4416 981 4475 Sanchez
1030 4417 1136 4475 lib.
1189 4416 1252 4482 7,.
1301 4418 1469 4493 disp.
1520 4416 1630 4477 64.
1681 4436 1749 4475 π.
1810 4418 1867 4476 1.

431 4514 454 4551 ⁴
499 4514 779 4574 Sanchez
828 4514 944 4572 loc.
996 4517 1102 4574 cit.
1160 4516 1337 4575 iuxta
1392 4517 1547 4592 quod
1592 4516 1822 4584 dicitur
1863 4534 1900 4575 a
1946 4517 2206 4594 Gregor.
2260 4536 2395 4576 can.
2442 4519 2760 4593 fraterni-

293 4615 448 4670 tatis
498 4612 559 4672 1.
605 4629 792 4673 caus.
848 4610 954 4670 35.
1004 4621 1252 4689 quaest.
1310 4613 1414 4673 10.
