3509 5317
1742 449 2099 508 —444—

700 590 1117 658 audiantur.
1169 590 1397 654 Porro
1449 585 1937 658 oaocellarius
1982 584 2366 655 adnotabit
2410 581 2630 668 diem,
2682 581 3048 668 mensem,
3095 586 3171 652 et

700 714 985 766 annum
1037 694 1425 786 ouiusiihot
1473 693 1939 779 axamininiS,
1990 709 2131 762 nec
2176 709 2330 760 non
2362 689 2837 779 singulorum
2863 707 3168 776 nomen,

700 822 1141 890 oogoomen.
1193 810 1533 890 aetatem
1583 802 2103 885 conditionem,
2152 805 2471 884 statum,
2543 803 2618 869 et
2664 799 3026 886 patriam,
3097 804 3173 869 et

700 914 921 982 otiam
973 914 1173 998 quod
1221 910 1729 979 iuramentum
1778 927 2045 979 revera
2092 907 2606 995 praestiterint.

833 1022 877 1102 ᾖ
929 1022 1025 1086 14.
1081 1022 1257 1086 Post
1301 1018 1681 1106 quodlibet
1726 1034 2072 1106 examen,
2145 1014 2434 1085 etiamsi
2502 1013 2774 1084 eadem
2843 1030 3169 1100 persona

702 1126 981 1214 plurios
1029 1126 1121 1194 illi
1173 1126 1627 1195 subiioiooda
1676 1124 1805 1212 sit,⁴
1834 1121 2331 1193 cancellarius
2375 1120 2574 1190 clara
2626 1125 2698 1190 et
2743 1118 3171 1206 intelligibili

704 1254 885 1302 rooo
933 1250 1189 1302 ooram
1241 1234 1505 1302 oodom
1557 1233 1753 1320 legat
1796 1229 2418 1320 interrogationes
2473 1233 2544 1298 et
2615 1228 3170 1315 responsiones,

700 1338 885 1410 footo
937 1338 1181 1406 eidam
1229 1338 1573 1410 faoultato
1620 1337 1956 1423 variandi
2004 1341 2134 1407 aut
2178 1334 2608 1407 declarandi
2680 1333 3047 1423 quidquid
3106 1333 3171 1403 ei

704 1450 949 1514 visum
999 1446 1245 1514 fuerit:
1285 1446 1549 1514 doindo
1581 1446 1740 1533 ipse
1771 1445 2251 1514 examinatus
2284 1442 2724 1529 subscribat,
2760 1447 2832 1511 et
2862 1443 2924 1510 si
2959 1437 3178 1510 fuerit

704 1554 1105 1642 illiteratus,
1157 1554 1369 1622 faoiot
1417 1554 1557 1622 hoc
1603 1552 1903 1642 signum
1955 1538 2345 1636 Crufficis}
2395 1569 2485 1620 ac
2531 1549 2858 1637 denique
2926 1548 3179 1617 mode·

700 1670 901 1730 rotor
949 1670 1289 1730 notorum
1341 1670 1413 1728 εἰς,
1457 1658 1807 1730 defensor
1855 1659 2246 1730 validitatis
2295 1657 2743 1727 matrimonii
2791 1661 3174 1744 apponent

704 1786 922 1838 suom
973 1766 1624 1854 subscriptionem,
1674 1777 1745 1836 et
1790 1767 2285 1837 cancellarius
2333 1766 2428 1835 de
2475 1773 2645 1837 actu
2677 1766 2991 1855 rogabit.

837 1878 881 1958 ᾗ
929 1878 1033 1942 15.
1085 1874 1157 1946 Si
1193 1874 1595 1962 aliquando
1631 1874 2011 1964 contingat
2040 1875 2593 1946 examinandos
2624 1873 2828 1962 apud
2869 1877 3169 1943 exteras

704 1990 772 2054 ot
821 1982 1069 2054 forsan
1121 1982 1569 2070 longinquos
1614 1982 2315 2071 regiones'versari‚
2364 2001 2504 2053 nec
2550 1980 2896 2050 tribunali
2947 2000 3034 2050 se
3086 1983 3172 2050 si-

704 2102 901 2162 atero
949 2110 1193 2178 possa,
1245 2110 1285 2158 a
1337 2090 1813 2160 moderatore
1857 2097 2200 2160 actorum
2247 2096 2603 2159 accurata
2669 2086 3041 2159 factorum
3103 2094 3174 2156 et

704 2202 1453 2278 oiroumsomtiorum,
1505 2216 1832 2286 quarum
1880 2197 2200 2287 cognitio
2251 2205 2321 2268 et
2367 2196 2833 2266 confirmatio
2868 2195 3171 2282 requiri·

704 2314 845 2390 tur,
897 2306 1261 2394 expositio
1313 2306 1443 2374 orit
1493 2305 1860 2392 facienda,
1932 2324 2127 2393 quae
2198 2303 2663 2374 concinnatis
2732 2302 3174 2391 opportunis

704 2414 1425 2502 interrogationibus.
1477 2414 1569 2482 do
1599 2413 1959 2482 sententia
2011 2431 2317 2502 quoque
2349 2411 2767 2482 defensoris
2803 2412 3176 2481 matrimo-

708 2522 825 2606 nii,
877 2530 945 2590 ot
993 2522 1329 2590 indioalis
1361 2542 1501 2590 otto
1517 2520 2047 2590 minandorum
2076 2521 2532 2607 nominibuS,
2566 2521 2664 2591 ad
2698 2519 3172 2589 Ordinarium

712 2630 865 2714 looi‚
921 2630 989 2698 in
1041 2650 1189 2714 quo
1237 2637 1823 2714 oommorantur,
1872 2630 2222 2710 mittatur,
2258 2635 2336 2698 ut
2368 2629 2486 2699 ille
2518 2629 2678 2698 sive
2711 2647 2848 2716 per
2880 2646 2987 2714 se,
3013 2624 3169 2696 sive

708 2758 845 2826 por
889 2758 1117 2806 suum
1173 2738 1525 2806 rii-:orium
1577 2736 2030 2825 generalem,
2080 2737 2241 2807 sive
2288 2756 2423 2824 per
2468 2736 2698 2807 alium
2734 2735 2984 2804 virum
3019 2753 3177 2822 pro·

708 2846 893 2914 hum
941 2850 1013 2914 ot
1061 2858 1449 2930 expertum
1505 2866 1545 2914 o
1593 2845 1792 2914 clero
1827 2844 2277 2934 eligendum,
2313 2864 2446 2914 eos
2478 2842 2807 2914 examini
2840 2843 3175 2912 subiiciat

708 2954 909 3022 iuxta
961 2954 1177 3022 dotas
1225 2954 1861 3042 lotor-rogationes
1915 2953 2265 3041 requisito
2312 2953 2523 3039 prius
2592 2952 3018 3020 iuramento
3086 2950 3175 3019 de

708 3062 1013 3126 veritato
1065 3058 1397 3146 dioondo,
1449 3066 1521 3130 ot
1565 3061 1877 3130 caeteris
1924 3061 2242 3130 servatis
2287 3078 2484 3147 quae
2529 3076 2760 3146 supra
2827 3057 3178 3145 praescri-

712 3174 833 3254 pta
881 3182 1077 3234 sum.

845 3274 913 3342 Si
969 3294 1145 3342 voro
1193 3274 1577 3362 oontigerit
1620 3274 1948 3362 aliquem
1997 3275 2324 3344 examini
2374 3272 2919 3343 subiiciendum
2957 3292 3001 3343 e
3034 3273 3173 3342 vita

712 3381 1097 3466 migrasse,
1157 3382 1413 3450 mor-tis
1461 3382 1999 3450 documentum
2052 3381 2239 3449 inter
2286 3386 2446 3450 acta
2498 3385 3002 3450 recenseatur.

841 3490 885 3570 ἓ
933 3490 1037 3554 16.
1089 3490 1349 3570 Quoad
1401 3490 1742 3578 singulos
1787 3490 1865 3558 in
1910 3489 2268 3560 iudicium
2303 3495 2611 3558 vocatos
2647 3487 2762 3558 vel
2791 3488 3176 3558 vocandos

712 3602 1053 3662 notorum
1105 3598 1533 3666 moderator
1585 3598 1958 3686 inquirere
2004 3598 2301 3668 debebit
2347 3599 2790 3684 probitatem
2838 3604 2911 3667 et
2957 3597 3181 3666 credi·

712 3702 1082 3786 bilitatom,
1137 3714 1205 3774 ot
1253 3706 1345 3774 od
1401 3706 1541 3774 hoo
1589 3706 1893 3792 curabit,
1946 3711 2026 3776 ut
2071 3706 2171 3775 ab
2202 3724 2464 3775 eorum
2502 3705 2875 3793 parochiS‚
2910 3705 3028 3774 sin
3062 3704 3183 3772 mi-

712 3830 861 3878 nus
909 3830 953 3878 a
1001 3810 1341 3894 personis
1389 3810 1537 3882 fido
1585 3813 1848 3900 dignis,
1901 3813 2178 3883 litterae
2211 3811 2742 3882 testimoniales
2775 3811 3176 3882 exhibean-

712 3922 849 3998 tur,
901 3938 1097 4002 quas
1145 3918 1365 3986 otiam
1417 3922 1485 3986 in
1537 3920 1718 3988 actis
1765 3927 1987 3990 erunt
2033 3919 2484 3990 referendae.

845 4026 889 4106 ἐξ
937 4026 1041 4090 17.
1093 4026 1289 4094 Inter
1337 4027 1885 4096 examinandos
1931 4028 2175 4114 primo
2228 4027 2390 4096 loco
2441 4025 2638 4095 venit
2683 4024 2801 4094 ille
2869 4025 3000 4112 qui
3070 4042 3179 4093 ac·

712 4130 1173 4198 cusationem
1225 4138 1477 4202 oontm
1537 4133 2091 4203 matrimonium
2140 4134 2390 4203 movit.
2438 4134 2558 4202 Ab
2603 4133 2742 4202 isto
2790 4133 3179 4220 exquiren-

716 4238 897 4306 dum
949 4238 1097 4322 orit,
1157 4246 1229 4306 ot
1277 4240 1477 4306 olore·
1525 4240 2012 4328 distincteque
2060 4249 2391 4327 exponat
2459 4239 2956 4310 accusationis
3026 4239 3176 4309 titu-

716 4346 901 4430 lum;
953 4342 1133 4414 faoto
1189 4349 1441 4414 omnia
1489 4346 1801 4416 fideliter
1848 4354 1919 4417 et
1967 4347 2311 4436 religiose
2359 4355 2699 4433 enarret,
2766 4363 3182 4435 eorumque

716 4454 1193 4538 probationes
1241 4454 1533 4538 afferam
1585 4455 2181 4536 circumstantias
2230 4473 2499 4524 omnes
2545 4461 2617 4524 et
2662 4454 2927 4526 indicia
2964 4473 3182 4542 expo-

720 4570 849 4626 nat
893 4578 1089 4646 quaa
1141 4558 1253 4626 vol
1301 4582 1401 4630 ox
1449 4561 1747 4648 propria
1799 4562 2099 4631 scientia
2150 4562 2602 4660 cognoverit,
2659 4562 2778 4631 vel
2851 4580 2950 4631 ex
3020 4561 3183 4631 alio·
