3509 5317
1733 467 2089 529 ...456-

817 606 861 686 ἓ
905 607 1012 674 42.
1045 602 1160 673 A'd
1194 607 1519 692 primum
1571 626 1834 678 casum
1871 609 2072 697 quod
2105 610 2375 695 attinet,
2409 612 2741 681 doctrina
2775 609 3148 680 catholica

685 718 797 778 est
845 711 1398 783 matrimonium
1434 714 1974 801 baptizatorum
2009 718 2140 787 rite
2172 717 2626 788 celebratum
2678 723 2749 789 et
2794 736 3153 787 consum-

689 826 969 887 matum
1019 820 1227 889 aliter
1256 821 1441 889 solvi
1490 840 1639 890 non
1689 839 1934 911 posse,
1973 825 2108 893 nisi
2160 844 2292 912 per
2341 836 2655 896 mortem
2711 826 2936 895 unius
2968 843 3151 894 con-

685 926 909 1014 ·iugis;
958 933 1030 997 et
1075 929 1240 998 ideo
1290 926 1540 998 locum
1589 949 1734 998 non
1786 950 1955 1001 esse
2003 933 2340 1007 eiusdem
2390 932 2852 1002 dissolutioni
2906 932 3155 1002 decla·

689 1038 965 1104 rendae
1012 1036 1083 1103 in
1133 1037 1435 1124 iudici0‚
1483 1034 1637 1107 nisi
1671 1039 1765 1107 de
1814 1045 2052 1109 morte
2100 1039 2523 1109 alterutrius
2587 1041 2929 1128 coniugis
2977 1059 3153 1110 con-

685 1142 954 1210 stiterit.
1005 1146 1102 1216 Ut
1147 1150 1395 1214 autern
1446 1146 1540 1214 de
1588 1146 1731 1214 hac
1778 1151 2124 1215 constare
2172 1147 2477 1235 dicatur,
2525 1166 2678 1216 non
2710 1146 2988 1218 sufficit
3032 1152 3154 1217 ru—‘

689 1270 853 1322 mor
901 1257 1028 1320 aut
1073 1249 1277 1320 fama
1321 1269 1868 1338 quaecumque,
1917 1269 2163 1339 neque
2210 1253 2416 1323 solae
2464 1256 3146 1342 praesumptiones,

685 1362 813 1430 sed
869 1360 1260 1447 requiritur
1305 1369 1556 1429 certus
1603 1359 1697 1429 de
1742 1378 1831 1430 ea
1881 1363 2205 1448 nuntiuS,
2240 1367 2368 1431 aut
2407 1361 2668 1432 saltem
2719 1380 3151 1431 concursus

685 1470 940 1538 talium
991 1469 1393 1552 rationum,
1443 1486 1640 1555 quae
1708 1476 1910 1536 certo
1958 1470 2217 1537 nuntio
2280 1469 2868 1557 aequipollentes
2914 1489 3149 1539 omne

685 1578 777 1646 sle
837 1569 970 1645 illa'
1015 1574 1337 1645 dubium·
1393 1574 1816 1644 excludant.
1889 1575 2062 1645 Ideo
2113 1578 2182 1644 in
2252 1577 2395 1646 hoc
2440 1595 2622 1647 casu
2679 1577 2910 1646 iudex
2973 1586 3151 1648 ante

685 1686 929 1754 omnia
981 1684 1280 1771 exigere
1328 1682 1641 1771 debebit,
1681 1688 1762 1752 ut
1809 1684 2074 1770 prioris
2123 1686 2568 1754 matrimonii
2600 1686 3146 1756 documentum

685 1793 1189 1862 alithenticum
1239 1786 1677 1879 proferatur,
1726 1797 1969 1879 atque,
2020 1794 2081 1860 si
2131 1811 2326 1880 opus
2370 1791 2606 1879 fuerit,
2648 1794 2834 1863 alias
2884 1794 3152 1879 proba-

689 1902 920 1966 tiones
966 1898 1282 1988 colliget,
1335 1918 1531 1987 quae
1592 1899 1945 1995 praedicti
2016 1900 2285 1987 prioris
2334 1884 2779 1971 matrimonii
2831 1901 3148 1971 existen-

689 2010 853 2074 tium
919 2005 1465 2091 demonstrent3
1515 2005 1848 2095 similiter
1912 2009 2254 2094 exquiret
2312 2009 2760 2078 documenta
2815 2009 2931 2078 vel
2983 2027 3149 2095 pro-

685 2114 1020 2182 bationes
1067 2114 1161 2183 de
1207 2114 1542 2183 secundo
1613 2115 2083 2183 matrimonio
2154 2122 2566 2203 contract03
2637 2135 2834 2203 quae
2890 2118 3144 2187 omnia

685 2222 1131 2291 [inrumenta
1181 2219 1388 2291 facile
1429 2221 1678 2291 haberi
1730 2226 2077 2309 poterunt
2116 2242 2215 2292 ex
2248 2222 2449 2292 libris
2498 2225 3143 2294 matrimoniorum

685 2330 753 2398 ir·
805 2329 1188 2414 lzmrochiis·
1219 2329 1644 2398 asservatis.
1696 2327 1877 2397 Post
1922 2330 2109 2398 haec
2157 2329 2525 2418 exigenda
2592 2337 2808 2399 erunt
2854 2351 2898 2400 a
2949 2350 3146 2400 com·

685 2435 1104 2522 petentibus
1173 2435 1520 2522 parochis
1589 2436 2009 2505 authentica
2081 2434 2530 2506 documenta
2593 2437 2687 2505 de
2743 2438 3139 2525 praetensa

689 2554 925 2614 mni-te
957 2544 1272 2614 'alterius
1318 2544 1680 2632 coniugis
1730 2550 1802 2613 et
1847 2544 1919 2616 in
1969 2543 2257 2614 defectu
2307 2549 2655 2632 poterunt
2720 2546 2992 2615 eadem
3042 2565 3148 2615 re-

685 2654 869 2738 quiri
905 2654 1000 2722 ab
1031 2653 1462 2723 auctoritate
1508 2652 1718 2738 civili,
1753 2654 1814 2720 si
1851 2670 2038 2721 suos
2086 2651 2315 2722 libros
2362 2653 2720 2737 habuerit,
2754 2652 2827 2720 in
2868 2655 3145 2742 quibus

685 2762 1148 2831 adnotentur.
1199 2762 1404 2842 Quae
1437 2760 1860 2846 comparari
1903 2759 2283 2829 debebunt
2325 2778 2501 2828 cum
2553 2760 3009 2830 documento
3038 2782 3146 2832 se-

685 2870 1017 2938 cundum
1051 2868 1609 2938 matrimonium
1642 2867 2199 2954 comprobante,
2233 2872 2308 2935 ut
2339 2873 2859 2956 cognoscatur,
2888 2878 3137 2938 utrum

685 2976 1104 3046 secundum
1163 2977 1306 3044 hoc
1370 2975 1928 3064 matrimonium
2001 2980 2467 3044 contractum
2514 2974 2731 3045 fuerit
2783 2983 2976 3062 ante,
3032 2978 3140 3047 vel

685 3090 857 3170 prist
905 3083 1163 3170 prioris
1209 3082 1546 3172 coniugis
1594 3093 1959 3168 mortem;
2030 3087 2253 3170 atque
2310 3084 2400 3151 ita
2462 3083 2827 3153 iudicetur
2891 3090 3141 3154 utrum

685 3191 1104 3260 seu-undum
1155 3193 1712 3279 matrimonium
1766 3192 2113 3278 validum,
2164 3211 2259 3263 an
2304 3191 2602 3274 *nullum
2646 3190 2883 3261 fuerit.

817 3302 861 3382 ἓ
909 3300 1011 3367 43.
1064 3300 1377 3380 Quando
1425 3301 1519 3369 ad
1568 3304 1888 3369 mortem
1942 3300 2207 3387 prioris
2269 3300 2610 3388 coniugis
2672 3300 3141 3386 probandam

689 3410 981 3494 praesto
1030 3425 1178 3474 non
1214 3413 1389 3476 sunt
1435 3426 1680 3493 neque
1727 3425 1901 3477 esse
1948 3416 2266 3493 possunt
2314 3407 2499 3476 haec
2553 3407 2979 3480 authentica
3017 3408 3145 3476 'do-

685 3521 1051 3601 cumenta,
1103 3515 1264 3584 aliis
1322 3515 1789 3604 argumentis
1836 3521 1907 3584 et
1951 3515 2113 3585 aliis
2172 3511 2736 3602 probationibus
2784 3534 2983 3604 opus
3015 3522 3140 3602 est,

685 3642 881 3710 qliae
926 3643 976 3692 a
1019 3623 1258 3692 iudice
1325 3622 1589 3694 sedulo
1641 3628 1861 3693 erunt
1919 3622 2397 3711 colligendae.
2473 3625 2552 3691 In
2617 3623 2879 3711 primis
2934 3643 3146 3712 argu-

689 3738 1023 3800 mentum
1071 3732 1365 3800 desumi
1413 3736 1654 3819 potest
1700 3751 1800 3800 ex
1846 3732 2306 3815 depositione
2355 3730 2653 3800 testium
2713 3730 2943 3801 fldem
3003 3750 3145 3799 me-

689 3838 1029 3921 rentium,
1079 3839 1139 3906 si
1193 3839 1327 3924 ipsi
1376 3838 1469 3907 de
1521 3840 1685 3907 visu
1735 3845 2056 3908 mortem
2108 3837 2319 3922 illius,
2371 3838 2464 3906 de
2512 3857 2663 3926 quo
2710 3839 2994 3924 agitur,
3045 3856 3141 3906 re·

691 3966 857 4014 asera
912 3946 1271 4015 accidisse
1317 3946 1888 4028 affirmaverint,
1940 3954 2071 4016 aut
2115 3946 2312 4016 idem
2375 3947 2837 4016 asseruerint
2880 3967 2980 4016 ex
3027 3967 3146 4016 au-

689 4054 869 4134 ditu,
919 4054 1335 4127 dummodo
1385 4074 1534 4122 non
1582 4073 1680 4123 ex
1731 4073 1917 4142 vaga
1981 4053 2228 4141 aliqua
2279 4052 2666 4139 relatione,
2715 4054 2847 4122 sed
2898 4063 2943 4125 a
2993 4049 3147 4142 per2

689 4162 893 4230 sonis
941 4163 1245 4231 minime
1278 4163 1645 4248 suspectis
1679 4161 2023 4248 proprias
2060 4161 2619 4231 informationes
2664 4179 2749 4230 se
2801 4161 3144 4232 hausisse

689 4274 1064 4338 testentur.
1119 4268 1238 4337 Isti
1271 4274 1496 4337 testes
1528 4273 1745 4336 erunt
1777 4268 2300 4355 interrogandi,
2340 4274 2590 4338 utrum
2641 4268 2833 4337 bene
2881 4286 3144 4357 cogno-

693 4378 927 4444 verint
972 4393 1199 4462 quem
1251 4381 1632 4444 mortuum
1695 4390 2079 4461 asserunt,
2128 4394 2279 4462 quo
2339 4381 2711 4461 tempore,
2762 4392 2916 4463 quo
2989 4377 3143 4445 loco

689 4502 897 4550 mors
942 4482 1349 4568 acciderit,
1399 4475 1545 4570 qua
1619 4482 1714 4552 de
1784 4501 2101 4568 caussa,
2157 4482 2277 4551 ubi
2348 4482 2677 4553 cadaver
2744 4484 3142 4569 sepultum,

693 4598 936 4658 utrum
1012 4588 1258 4658 adsint
1303 4598 1375 4659 et
1422 4590 1544 4658 ubi
1593 4595 2157 4694 commorentur
2225 4589 2342 4659 alii
2412 4591 2542 4678 qui
2592 4592 2686 4661 de
2752 4591 2900 4660 hoc
2959 4589 3143 4662 facto
