3509 5317
177 665 339 735 membri
372 663 542 752 genitalis
579 664 715 734 erectio
750 682 873 751 usque
902 664 950 734 ad
974 664 1128 733 seminis
1162 664 1402 733 emissionem
1477 738 1478 741 ,
1623 623 1733 770 ι

174 773 408 862 perdurans3
431 772 550 858 ipsius
574 772 734 840 membri
758 771 984 841 intromissio
1012 772 1136 842 debita
1160 772 1195 839 in
1220 790 1289 842 vas
1304 769 1404 840 femi·

174 899 311 967 neum;
342 894 380 949 et
409 879 560 951 tandem
597 878 752 947 seminis
787 878 980 949 eiaculatio
1013 879 1049 946 in
1076 878 1200 966 ipsum
1236 884 1403 948 uterum:

174 1007 339 1076 cumque
362 984 481 1075 frigidi
507 985 555 1055 ab
580 1005 655 1055 una
680 989 744 1055 aut
765 986 897 1073 altera,
922 993 988 1056 aut
1013 987 1062 1057 ab
1085 986 1262 1055 omnibus
1292 985 1404 1055 simul

175 1116 225 1167 ex
248 1097 294 1166 iis
316 1094 590 1165 conditionibus
618 1093 801 1179 deficiant,
819 1093 905 1163 hinc
921 1095 1049 1182 plures
1072 1093 1291 1183 frigidorum
1314 1094 1406 1164 clas-

174 1222 282 1273 sesa
308 1204 381 1271 DD.
409 1208 692 1280 enumerantur:
725 1204 829 1283 Ques
859 1202 953 1272 inter
989 1220 1057 1290 pro
1093 1203 1256 1272 themate
1288 1218 1403 1271 unam

174 1310 393 1379 meminisse
417 1314 475 1380 sat
506 1315 579 1395 est,
604 1309 750 1379 illorum
789 1328 927 1397 nempe
953 1308 1051 1398 «qui
1075 1329 1122 1380 ne
1146 1311 1305 1381 membri
1330 1310 1407 1397 qui·

176 1419 300 1488 «dem
326 1418 551 1487 erectionem
577 1417 736 1504 habent,
761 1437 806 1488 ac
830 1418 931 1487 nullo
955 1419 1069 1487 modo
1095 1425 1253 1505 possunt
1280 1418 1406 1502 mulie

104 1529 105 1533 ’
178 1526 320 1594 «ribus
344 1524 589 1607 commisceri,
615 1531 651 1594 et
674 1524 709 1593 bi
733 1525 770 1592 in
794 1525 930 1613 duplici
955 1537 1043 1595 sunt
1066 1526 1287 1613 differentia3
1315 1544 1403 1597 nam

177 1632 273 1702 «vel
296 1632 400 1701 nullo
426 1631 541 1700 modo
565 1632 761 1718 seminant,
778 1644 813 1701 et
830 1632 923 1702 haec
938 1631 1158 1722 frigidorum
1181 1636 1326 1723 species
1350 1643 1406 1705 est

177 1742 308 1810 «inter
331 1758 465 1808 omnes
489 1739 654 1808 maxime
678 1739 859 1824 notabilis,
882 1739 939 1808 vel
964 1758 1096 1810 semen
1114 1742 1224 1812 etiam
1248 1741 1405 1813 flaccido

177 1848 395 1918 «existente
419 1847 612 1933 membro,
641 1865 760 1934 prope
784 1849 876 1916 uteri
912 1853 1111 1918 externum
1140 1851 1276 1919 ostium
1302 1851 1406 1921 emit·

176 1959 341 2023 «tunt».
367 1956 411 2022 Et
434 1953 481 2022 de
504 1953 563 2021 bis
598 1959 797 2040 postremis
831 1953 1040 2027 notandum
1076 1957 1179 2043 quod
1209 1957 1258 2027 ab
1282 1958 1406 2027 huius

176 2063 280 2131 modi
307 2064 393 2131 viris
420 2063 557 2133 «nulla
582 2061 716 2132 erectio
740 2060 789 2146 lit,
814 2068 876 2132 aut
899 2064 1057 2151 modica,
1076 2077 1111 2135 et
1127 2083 1224 2152 quae
1243 2064 1296 2134 ud
1311 2083 1406 2154 opus

177 2187 289 2238 «non
313 2168 493 2257 sufficiat,
513 2177 549 2238 et
563 2188 652 2238 cum
667 2189 742 2257 qua
760 2169 957 2253 (erectione
982 2172 1138 2259 modica,
1157 2191 1229 2240 non
1248 2171 1406 2259 formali)

125 2298 127 2305 <
177 2293 347 2346 «semen
371 2294 425 2345 coe
449 2295 488 2344 se
511 2274 638 2364 effluit
672 2293 759 2345 curn
795 2277 895 2346 nulla
933 2286 999 2346 aut
1034 2278 1178 2348 modica
1206 2278 1405 2366 voluptate,

177 2390 249 2455 «et
274 2385 338 2472 qui
362 2383 443 2452 talia
470 2383 669 2470 patiuntur,
695 2383 833 2454 babent
855 2382 1047 2471 quoddam
1073 2385 1230 2472 copulae
1248 2385 1408 2455 carnalis

177 2490 462 2574 «desiderium,
485 2507 561 2557 non
583 2508 781 2578 magnum
815 2496 851 2560 et
881 2489 1034 2577 quando
1070 2508 1201 2561 semen
1227 2491 1407 2584 wemittunt

177 2600 330 2688 «lquod
355 2611 481 2668 tamen
497 2596 667 2687 sinodum
691 2602 726 2666 et
749 2615 935 2686 aquosum
967 2606 1038 2683 est,
1062 2603 1098 2668 et
1113 2595 1301 2686 frigidum
1330 2617 1408 2685 per·
1448 2654 1450 2661 ,

178 2706 383 2791 «sentiturl
416 2703 630 2774 membrum
666 2705 759 2773 inter
793 2703 1037 2773 emittendum
1074 2723 1148 2773 non
1186 2703 1298 2772 modo
1331 2721 1406 2773 non

178 2835 200 2877 «-
213 2818 390 2884 servatur
420 2812 576 2895 durum,
602 2817 642 2880 ut
668 2829 798 2881 semen
830 2812 1049 2898 eiaculetur,
1074 2810 1140 2881 sed
1169 2811 1289 2899 magis
1311 2811 1408 2899 ,floe-

179 2919 325 2992 ‹eescit
340 2924 377 2988 et
388 2917 578 2988 emoritur.
611 2919 822 2988 Procedant
851 2919 945 2989 haec
973 2938 1022 2988 ex
1051 2919 1265 3007 genitalium
1290 2925 1326 2988 et
1350 2938 1410 2989 va·
1514 2976 1516 2981 ,
1619 2974 1621 2981 ,
1683 2941 1696 2950 ”

179 3048 348 3102 «sorum
372 3028 576 3115 debilitate,
601 3036 710 3098 etex
733 3046 871 3117 magna
897 3028 1009 3096 totius
1032 3035 1067 3098 et
1092 3028 1253 3115 partium
1277 3025 1410 3116 frigidi·

179 3144 307 3223 «tate,
332 3156 407 3206 non
440 3142 564 3205 tamen
589 3136 635 3205 ita
660 3135 801 3205 intensa
828 3136 928 3204 utin
953 3137 1072 3221 prima
1097 3136 1238 3222 specie,
1262 3154 1330 3205 nec
1358 3140 1410 3205 tq·
1523 3208 1526 3217 ,
1656 3196 1666 3213 „

181 3266 199 3309 ‹
215 3264 304 3314 men
326 3241 572 3313 remediabilis
590 3242 663 3311 ullo
680 3244 790 3313 modo
806 3249 862 3313 cat
878 3243 909 3312 si
925 3264 950 3312 a
971 3249 1116 3312 natura
1130 3241 1211 3312 sit»
1239 3243 1408 3328 (Zacclria
1635 3254 1644 3347 s

181 3355 249 3442 Op.
274 3351 333 3421 cit.
359 3359 445 3420 tom.
461 3354 497 3419 2.
521 3349 580 3419 lib.
597 3354 630 3420 92
656 3349 707 3419 tit.
724 3352 755 3420 3.
781 3358 925 3438 quaeat.
941 3354 976 3417 2.
1002 3370 1037 3417 n.
1054 3353 1078 3417 5
1094 3355 1130 3418 et
1146 3351 1214 3435 10).

244 3463 300 3529 25.
333 3460 444 3547 Atqui
482 3458 576 3528 haec
614 3460 738 3529 omnia
770 3458 806 3525 in
838 3458 925 3528 Caio
956 3459 1126 3544 apprime
1160 3459 1408 3528 inveniuntur.

180 3569 286 3650 Quae
321 3567 421 3635 enim
461 3567 656 3635 retulimus
694 3565 875 3635 naturalis
909 3563 1112 3653 frigiditatis
1150 3566 1260 3654 signa
1297 3572 1409 3653 atque

179 3681 453 3764 symptomata,
477 3673 615 3762 quibus
649 3675 768 3762 prima
804 3673 975 3743 etaltera
1010 3670 1229 3758 frigidorum
1264 3674 1409 3760 species

181 3784 431 3872 distinguitur,
449 3782 560 3851 veluti
585 3782 773 3869 exscripta
797 3800 882 3853 esse
899 3781 1069 3851 videntur
1085 3800 1134 3851 ex
1150 3782 1277 3851 iuratis
1301 3783 1411 3869 depo

179 3890 377 3960 sitionibus
399 3890 479 3959 sive
502 3889 654 3975 actricis,
671 3888 752 3958 sive
768 3890 926 3975 testium,
942 3889 1022 3958 sive
1046 3909 1096 3958 ex
1111 3886 1410 3959 confessionibus

180 3999 302 4086 ipsius
336 3996 410 4065 Caii
434 3995 582 4064 illorum
607 3996 777 4082 pluribus
812 3998 973 4084 ingenue
995 3995 1109 4069 factis.
1146 3998 1204 4065 Ex
1227 3995 1286 4064 his
1310 3997 1410 4065 enim

180 4106 272 4175 satis
310 4122 500 4191 superque
538 4108 702 4189 constat,
742 4104 918 4173 eumdem
951 4105 1088 4177 Caium
1126 4102 1410 4172 indifferentiam

181 4215 375 4301 quandam
399 4213 697 4300 inexplicabilem
723 4212 782 4280 vel
806 4213 886 4298 ipsa
912 4212 1032 4299 prima
1058 4212 1271 4300 nuptiarum
1303 4215 1410 4280 nocte

182 4324 465 4393 demonstrasse
489 4338 578 4409 erga
604 4340 775 4406 uxorem,
800 4325 835 4389 et
857 4322 1095 4389 aversionem
1120 4320 1325 4408 quamdam
1351 4339 1411 4389 na·

183 4430 342 4501 turalem
367 4450 389 4500 a
413 4429 552 4499 carnali
577 4429 814 4515 commercio,
839 4447 927 4497 cum
956 4448 1079 4515 neque
1102 4450 1123 4500 a
1148 4429 1249 4497 nuda
1274 4447 1411 4497 venere

183 4540 327 4607 moveri
351 4536 477 4608 fassus
499 4535 626 4622 fuerit,
643 4537 789 4624 quippe
813 4537 896 4607 eius
921 4538 1151 4624 viripotentia
1176 4535 1257 4622 (seu
1288 4536 1411 4624 potius

183 4646 412 4734 impotentia)
446 4660 534 4715 cum
558 4645 606 4714 ad
630 4644 787 4715 feminas
818 4645 1032 4731 accederet,
1057 4649 1136 4714 erat
1167 4647 1300 4715 eadem
1333 4662 1411 4730 pro
