3509 5317
1491 504 1855 565 ..309-

412 659 712 711 sensus
775 643 872 711 ad
927 641 1414 731 apostolicam
1477 641 2108 730 dispensationem
2169 644 2601 731 petendam,
2669 648 2753 712 itm
2825 658 2897 712 ut

421 747 771 834 ineptum
821 748 1203 836 multiplici
1251 769 1351 820 ex
1396 749 1635 837 capite
1694 748 1882 820 foret
1935 751 2007 818 in
2072 750 2395 820 themate
2457 751 2553 819 de
2613 752 2897 836 diffluan-

424 856 721 926 satione
771 857 845 925 in
896 857 1147 927 radice
1201 857 1313 932 vel
1364 856 1822 927 mentionem
1870 855 2131 942 facere,
2184 857 2353 925 hinc
2416 856 2499 927 fit
2554 857 2761 925 lot-us
2829 860 2897 924 li-

430 964 701 1034 bertati
746 967 1194 1055 coniugum,
1260 969 1359 1035 uti
1423 964 1586 1035 fert·
1618 965 1878 1052 praxis
1938 964 2321 1035 notissima
2387 966 2472 1033 H.
2506 965 2578 1034 S.
2613 967 2721 1037 O..
2773 968 2893 1048 qui

426 1073 733 1161 cognita
781 1073 1130 1143 connubii
1183 1073 1652 1152 invaliditate‚
1702 1073 2111 1143 libertatem
2159 1073 2563 1162 coniugum
2617 1072 2897 1160 plan-ln*

427 1199 651 1252 mare
697 1182 766 1250 in
819 1200 1031 1250 more
1079 1181 1358 1251 habuit.
1415 1181 1553 1268 Sic,
1605 1188 1686 1250 ut
1730 1181 2124 1251 innumera
2177 1180 2403 1249 missa
2454 1178 2713 1249 facian]
2781 1200 2897 1244 mz-

428 1289 708 1377 empla,
757 1290 830 1358 in
881 1308 1106 1360 causa
1164 1290 1335 1358 huic
1386 1288 1786 1375 simillima,
1837 1290 1957 1358 cui
2004 1288 2256 1357 titulus
2325 1285 2697 1355 Verulana
2749 1308 2897 1348 :ms-

431 1395 803 1483 tmssmonii,
882 1399 968 1466 H.
1022 1398 1093 1468 S.
1146 1398 1225 1466 Ο.
1287 1397 1406 1467 die
1464 1400 1549 1467 13
1611 1397 1909 1484 augusti
1956 1398 2135 1467 1870
2201 1394 2295 1464 ad
2344 1394 2653 1465 dubium
2713 1423 2745 1452 ι
2789 1400 2893 1460 Au

430 1509 728 1574 constet
772 1505 867 1574 de
917 1504 1246 1573 nullitate
1280 1504 1730 1574 matrimonii
1765 1504 1838 1571 in
1872 1522 2055 1572 casu
2081 1525 2118 1567 »
2154 1539 2198 1550 -
2229 1500 2637 1588 respondit:
2681 1504 2905 1584 Affir-

431 1609 744 1697 matioe,
786 1615 965 1698 quin
1003 1610 1234 1681 ullam
1273 1610 1579 1680 libertati
1609 1610 2208 1681 contrahentium
2243 1609 2483 1697 legem
2533 1610 2901 1678 indis-mm...

575 1721 683 1788 28.
733 1718 988 1805 ltaque
1040 1725 1112 1787 et
1159 1718 1254 1790 ad
1307 1719 1503 1789 idem
1552 1718 1889 1806 dubium,
1939 1718 2055 1786 vel
2104 1719 2200 1789 ad
2250 1718 2392 1789 hoc
2437 1716 2637 1788 aliud,
2701 1720 2897 1804 qumi

434 1827 516 1894 in
567 1827 935 1915 praesenti
980 1847 1209 1898 causa
1260 1826 1510 1896 forsan
1560 1828 1876 1914 proponi
1925 1832 2197 1914 posset,
2247 1825 2546 1896 scilicet:

584 1955 621 1999 «
654 1938 767 2003 An
817 1935 1178 2004 sententia
1236 1935 1500 2004 Curiae
1548 1931 1995 2021 episcopalis
2054 1934 2146 2002 sit
2199 1931 2709 2002 confirmantia
2797 1932 2901 1996 rel

437 2039 892 2112 infirmanda
942 2041 1010 2109 in
1060 2059 1247 2111 casu
1279 2063 1341 2108 ».

584 2149 1042 2236 Responderi
1094 2167 1318 2236 posse
1368 2148 1699 2219 videtur:

580 2258 891 2328 Praevia
942 2262 1285 2326 actorum
1338 2257 1742 2339 sanatione,
1793 2262 2166 2343 quatenus
2210 2273 2408 2344 opus
2453 2257 2577 2344 sit,
2625 2268 2905 2324 senteu-

440 2365 619 2436 tiam
670 2384 841 2435 esse
886 2363 1487 2435 confirmandam
1524 2386 1587 2430 ».

582 2474 786 2542 Haec
833 2479 1083 2542 tamen
1134 2472 1407 2557 omnia,
1459 2489 1545 2540 ea
1594 2489 1748 2559 qua
1795 2491 1931 2559 par
1963 2478 2124 2543 erat
2153 2473 2581 2560 reverentia,
2617 2496 2693 2544 sn
2709 2476 2905 2560 pls-›11-

443 2580 734 2649 tissimo
783 2583 921 2649 EE.
976 2582 1113 2649 ΡΡ.
1166 2580 1242 2649 S.
1303 2580 1375 2649 C.
1436 2580 1703 2649 iudicio
1765 2598 1856 2649 ac
1916 2599 2285 2651 censurae
2347 2582 2588 2652 libenti
2661 2588 2905 2648 :mimo

443 2687 747 2758 subieci.

802 2837 1186 2920 Responsum
1233 2835 1305 2905 S.
1349 2838 1419 2904 0.
1464 2836 1715 2907 Gonoilii
1772 2837 1845 2906 ad
1888 2800 2254 2923 propositum
2298 2837 2553 2906 dubium.

580 2978 968 3064 Proposito
1049 2977 1313 3048 dubio:
1390 2980 1574 3046 «An
1633 2977 1988 3047 sententia
2052 2976 2314 3046 Curiae
2363 2978 2446 3044 N.
2516 2977 2609 3046 sit
2653 2984 2913 3044 *flantis--

443 3084 733 3153 manda
779 3083 890 3153 vel
945 3082 1400 3154 infirmanda
1448 3085 1521 3152 in
1554 3102 1736 3152 casu
1771 3105 1833 3150 ».

581 3191 654 3261 S.
697 3190 771 3259 C.
822 3191 940 3261 die
989 3193 1072 3261 31
1128 3191 1436 3262 ianuarii
1476 3194 1651 3261 1874
1685 3191 2096 3278 respondit:
2151 3190 2601 3282 Sententiam
2649 3192 2909 3260 sisa->sim

444 3295 893 3388 episcopalis
942 3317 1103 3367 esse
1149 3298 1785 3387 confirmandam.

1050 3597 1834 3675 DISOEPTATIO
1882 3597 2324 3676 TERTIA

878 3735 977 3816 Do
1037 3735 1463 3818 matrimonii
1522 3735 1852 3820 nullitate
1909 3759 1999 3819 ox
2074 3736 2489 3838 impotentia

553 3882 644 3943 ao
702 3861 791 3941 clo
853 3858 1283 3949 matrimonii
1342 3860 1481 3944 rati
1539 3882 1675 3943 non
1724 3863 2195 3946 consummati
2237 3860 2805 3964 disponsatione.

1347 4042 2034 4113 ARGUMENTUM

585 4192 851 4275 Agitur
901 4189 992 4262 1⁸.
1027 4193 1405 4280 quaestio:
1454 4195 1574 4261 An
1621 4197 1907 4263 constet
1951 4192 2044 4262 de
2076 4190 2414 4261 nullitate
2459 4192 2917 4260 mats-‘s'msmf's'

402 4319 560 4369 ecc
607 4296 856 4389 eapite
905 4298 1384 4388 impotentiae
1432 4300 1590 4370 viri.

586 4407 703 4477 Ad
753 4408 948 4477 hanc
997 4413 1154 4478 tuto
1203 4409 1702 4479 dirimendam
1749 4411 2266 4497 quaestionem

675 4515 751 4600 a)
800 4526 1148 4585 accurata
1200 4516 1508 4586 traditur
1554 4521 1891 4586 actorum
1927 4518 2281 4604 synopsis
2313 4517 2386 4585 in
2419 4515 2901 4587 ecclesiastiea

448 4621 673 4692 Curia
723 4622 857 4692 rite
904 4621 1450 4708 confectorum3
