3509 5317
1359 494 1712 554 ..325—

307 633 534 715 atque
581 627 863 698 iniuriis
912 629 1283 698 immerito
1329 628 1672 715 toleratis,
1721 631 2012 718 absque
2061 633 2212 702 ulla
2257 652 2394 721 spe
2451 636 2765 702 reconvi-

309 737 647 806 liationis.

443 847 551 913 19.
603 845 756 915 Iam
797 863 975 915 vero
1027 846 1274 934 viginti
1309 852 1474 916 octo
1508 851 1734 916 testes
1768 847 1979 917 iurati
2013 855 2083 919 et
2113 847 2263 918 fide
2296 850 2493 937 digni
2546 849 2765 916 huius

308 952 733 1040 multiplicis
765 954 1246 1040 depositionis
1281 954 1560 1025 veritati
1590 953 2119 1044 suffragantur,
2154 962 2223 1026 et
2258 957 2761 1044 plenissimam

307 1058 540 1129 fldem
591 1058 886 1130 faciunt.
941 1062 1331 1131 Habemus
1378 1063 1575 1130 enim
1629 1069 1918 1150 septem
1966 1070 2194 1134 testes
2226 1062 2590 1153 septimae
2622 1088 2769 1132 mss-

306 1185 450 1235 nus
499 1175 998 1254 nuncupatos
1050 1169 1238 1237 alios
1286 1168 1681 1239 duodecim
1732 1172 1831 1240 ab
1908 1172 2175 1241 actrice
2225 1172 2649 1259 productos
2705 1184 2761 1240 r!

308 1293 587 1344 novem
638 1293 686 1342 a
731 1273 1129 1343 defensore
1156 1273 1545 1345 validitatis
1578 1276 2017 1346 matrimonii
2054 1278 2442 1363 exhibitOS,
2492 1278 2769 1366 quiqui-e

310 1381 628 1470 proinde
677 1382 930 1450 haberi
983 1389 1307 1468 possunt
1337 1389 1723 1470 tamquam
1760 1402 1806 1451 a
1838 1402 1967 1451 reo
2000 1390 2371 1453 convento
2407 1385 2765 1471 producti.

313 1489 401 1556 Hi
447 1508 740 1573 omnae,
790 1489 1328 1577 praerogativis
1377 1489 1684 1576 praediti
1717 1489 1815 1559 ad
1845 1488 2073 1558 fldem
2111 1492 2181 1558 in
2216 1475 2482 1560 iudicio
2516 1488 2773 1560 facien*

309 1599 509 1683 dam,
562 1599 750 1667 inter
795 1615 878 1666 se
926 1597 1330 1666 concinunt
1366 1598 1458 1666 de
1498 1595 1966 1667 antecedenti
2002 1598 2320 1670 coeundi
2345 1596 2769 1688 impotentis:

312 1706 479 1789 Caii,
531 1704 627 1775 de
677 1704 1129 1774 matrimonii
1176 1706 1926 1793 inconsummatione,
1962 1706 2055 1775 de
2088 1705 2460 1793 conviciis,
2495 1705 2773 1776 iniuriis-

311 1833 398 1884 ac
471 1813 821 1895 saevitiis,
866 1832 1126 1900 -eaque
1188 1819 1553 1882 testantur
1614 1815 1730 1883 vel
1794 1835 1890 1885 ex
1942 1812 2142 1889 facto
2213 1814 2587 1902 personali
2649 1824 2769 1884 aut

313 1922 531 2008 quasi
585 1920 981 2007 personali,
1033 1920 1152 1990 vel
1203 1940 1301 1990 ex
1349 1920 1808 2008 aegritudine
1857 1928 1927 1990 et
1974 1939 2257 2008 angore
2302 1921 2529 1991 animi
2579 1917 2777 1989 fami-

316 2026 451 2097 liae
501 2028 750 2111 Iuliae,
800 2046 977 2095 cum
1025 2046 1172 2114 qua
1229 2027 1340 2096 vel
1406 2046 1581 2096 cum
1631 2027 2166 2097 communibus
2197 2028 2456 2097 amicis
2482 2025 2777 2097 familia-

314 2137 607 2206 ritatem
634 2135 918 2205 habeba
932 2143 1027 2221 nt,
1064 2135 1183 2205 vel
1216 2154 1313 2205 ex
1345 2136 1645 2224 publica
1673 2135 2111 2223 fama,'quae
2142 2137 2214 2204 in
2250 2137 2480 2222 patria
2517 2136 2777 2204 utrius-3*

316 2263 461 2331 que
510 2243 854 2332 coniugis
902 2248 974 2312 et
1021 2243 1190 2313 alibi
1232 2243 1447 2331 longe
1482 2243 1775 2329 lateque
1807 2243 2099 2327 diffusa,
2137 2241 2322 2312 facta
2362 2244 2508 2312 iam
2547 2242 2773 2312 fuerat

318 2352 541 2422 veluti
596 2351 843 2420 tritum
893 2370 1248 2421 sermone
1295 2351 1801 2438 proverbium.

445 2464 558 2531 20.
611 2463 699 2528 Et
761 2466 842 2528 ut
903 2459 1143 2547 aliqua
1222 2462 1535 2547 propius
1598 2478 1831 2547 super
1901 2458 2327 2528 huiusmodi
2403 2458 2773 2544 multiplivi

318 2567 825 2656 concordique
874 2569 1292 2637 testimonio
1343 2568 1781 2653 delibemuS,
1816 2556 2568 2637 animadvertendum
2602 2568 2773 2654 qual

318 2675 691 2762 imprimis
724 2679 947 2744 testes
996 2677 1358 2762 septimae
1393 2693 1671 2743 manus
1701 2675 2204 2763 deposuerint.
2237 2677 2325 2743 Hi
2351 2681 2527 2744 sunt
2560 2675 2781 2744 Iuliam

318 2790 526 2871 pater
577 2789 650 2853 et
697 2790 954 2867 mater,
1007 2785 1376 2853 Henricus
1408 2785 1747 2853 eiusdem
1780 2783 2227 2870 avunculuS,
2265 2783 2657 2853 Ianuarius
2693 2784 2777 2848 ih-

322 2882 571 2961 miliae
616 2891 1050 2977 advocatuS‚
1101 2890 1397 2960 Gabriel
1448 2897 1520 2961 et
1581 2893 2004 2961 Matthaeus
2083 2896 2394 2979 uterque
2463 2888 2781 2958 familiai:

323 3000 634 3086 amicuS,
684 2999 1134 3088 Magdalena
1182 3000 1363 3068 artis
1409 3018 1595 3067 suae
1646 2999 1927 3068 ratione
1975 2999 2220 3067 eidem
2265 2995 2584 3066 familiae
2653 2996 2777 3064 tw

322 3113 639 3195 quenter
672 3108 981 3178 addicta.
1018 3109 1183 3177 Duo
1223 3106 1579 3194 postremi
1615 3111 1839 3176 testes
1877 3106 2246 3176 substituti
2279 3104 2580 3174 fuerunt
2611 3105 2785 3172 dum-

324 3216 467 3288 bus
511 3216 837 3287 familiae
883 3217 1033 3286 Caii
1080 3215 1527 3300 domesticis
1592 3233 1867 3301 nempe
1928 3214 2292 3283 Eusebiae
2362 3220 2433 3284 et
2508 3213 2782 3292 Catulli,

326 3326 602 3412 quippe
649 3324 798 3411 qui,
849 3329 931 3392 ut
976 3341 1075 3391 ex
1121 3323 1307 3391 actis
1358 3322 1537 3392 satis
1583 3326 1893 3407 constat,
1945 3322 2088 3390 doli
2141 3339 2230 3390 ac
2301 3321 2595 3408 periurii
2681 3328 2777 3388 rvi

329 3430 680 3501 censendi
727 3437 920 3499 sunt.
977 3429 1072 3497 Illi
1123 3429 1343 3517 igitur
1399 3434 1684 3515 septem
1735 3431 1984 3511 testeS,
2012 3427 2329 3496 seorsim
2356 3428 2781 3500 examinati.

328 3540 579 3609 audito
633 3538 873 3608 libello
922 3556 1011 3607 ac
1072 3537 1534 3624 depositione
1595 3535 1904 3621 actricis,
1980 3554 2130 3604 uno
2193 3553 2322 3603 ore
2389 3532 2781 3604 affirmant.

331 3647 820 3717 verissimum.
857 3663 1031 3715 esse
1078 3644 1148 3713 id
1199 3663 1427 3713 omne
1474 3644 1675 3731 quod
1728 3644 1911 3712 Iulia
1957 3631 2321 3729 deposuit,
2386 3643 2620 3710 immo
2673 3664 2789 3728 μμ

331 3756 471 3824 tius
522 3755 1021 3824 verecundiae
1069 3773 1302 3823 causa
1352 3751 1783 3821 limitatione
1832 3769 2204 3836 peccasse,
2232 3768 2464 3838 quam
2490 3752 2787 3836 ampini-

331 3862 544 3933 tione.
597 3863 704 3932 De
752 3863 1107 3930 omnibus
1157 3861 1523 3949 siquidem
1576 3876 1666 3928 ac
1712 3858 2284 3947 particularibus
2316 3854 2544 3941 factis,
2595 3875 2785 3943 quun

334 3969 532 4038 domi
581 3969 729 4039 Caii
778 3968 1241 4054 eveniebant,
1292 3968 1800 4056 quotidianam
1849 3964 2001 4034 fere
2049 3965 2377 4034 notitiam
2430 3963 2785 4032 habenti-2:²

335 4077 933 4164 exploratissima
984 4079 1240 4145 omnia
1288 4076 1598 4144 moralia
1648 4078 2093 4163 argumenta
2141 4071 2467 4140 sentiunt
2531 4080 2785 4140 extars·

335 4183 407 4254 in
452 4203 657 4271 casu,
708 4184 987 4270 quibus
1037 4183 1415 4252 moraliter
1461 4186 1767 4266 constet,
1806 4179 2361 4248 matrimonium
2398 4196 2782 4264 nunquan]

335 4290 562 4362 fuisse
596 4298 1210 4362 consummatum
1246 4290 1342 4359 ob
1375 4294 1843 4375 compertam
1879 4288 2008 4355 viri
2046 4286 2575 4373 impotentiam.
2627 4288 2785 4364 Quas

338 4385 427 4468 ad
476 4399 866 4469 continuas
917 4417 1095 4468 vero
1142 4416 1335 4487 quas
1384 4396 1649 4465 mulier
1697 4400 1855 4465 tum
1905 4413 1952 4464 a
2019 4413 2242 4464 socru
2310 4402 2466 4463 tum
2517 4414 2557 4463 a
2635 4396 2789 4460 virm

338 4507 750 4593 patiebatur
795 4507 1158 4590 saevitias,
1208 4522 1513 4574 omnem
1564 4503 1952 4591 physicam
1989 4501 2499 4570 certitudinem
2537 4500 2789 4568 habs-ri

342 4618 717 4683 testantur.
768 4612 985 4684 Unde
1017 4623 1345 4701 arguunt
1374 4610 1533 4680 fleri
1567 4610 1994 4681 nullatenus
2028 4627 2250 4695 posse
2284 4618 2365 4678 ut
2393 4608 2789 4695 aliquantis·
