3509 5317
713 487 893 565 §.131-

186 638 411 726 regionibus,
425 638 488 707 ubi
505 637 735 726 publicatum
750 638 903 708 nonfuit
915 640 1108 710 decretum
1126 640 1162 709 S.
1179 639 1289 709 Conc.
1306 640 1415 726 Trid.,

184 746 259 814 duo
275 745 406 832 sponsi
424 745 614 815 carnalem
630 745 725 815 inter
740 765 783 816 se
799 746 964 816 habeant
976 747 1162 833 copulam,
1180 765 1265 817 eam
1288 752 1414 816 tamen

184 870 259 920 non
282 871 337 921 em
361 849 505 941 affeetu
528 851 711 939 maritali,
739 853 807 923 sed
831 851 974 944 affectu
990 852 1114 923 illicito
1130 873 1177 923 ue
1183 852 1415 938 fornicatum

184 960 277 1029 haec
300 976 432 1027 eorum
456 959 592 1046 copula
617 960 770 1029 minime
795 960 952 1031 transire
975 959 1059 1030 lacit
1083 960 1341 1048 praecedentia
1359 970 1422 1029 ea·

183 1064 359 1135 cumdem
392 1065 583 1152 sponsalia
615 1066 651 1134 in
684 1085 817 1135 verum
848 1067 1128 1137 matrimonium
1161 1085 1292 1137 coram
1317 1067 1415 1151 Deo;

183 1191 253 1242 seu
276 1172 322 1241 in'
331 1170 426 1261 soro
449 1170 694 1242 conscientiae
719 1173 822 1243 liberi
846 1181 1010 1261 manent,
1035 1180 1147 1261 atque
1171 1179 1358 1260 poterunt,
1383 1175 1414 1243 si

182 1269 370 1366 praedicta
394 1297 530 1348 eorum
558 1280 748 1367 sponsalia
780 1299 830 1349 ex
859 1281 984 1368 aliqua
1015 1280 1174 1369 legitima
1206 1299 1322 1350 eausa
1346 1280 1416 1348 dis-

183 1385 306 1455 soluta
330 1384 474 1472 fuerint,
500 1385 650 1473 nuptias
673 1386 765 1456 alias
790 1386 883 1457 licite
906 1388 1007 1457 inire.
1030 1388 1279 1459 Nihilominus
1302 1387 1333 1455 si
1352 1406 1412 1457 eo·

183 1515 266 1564 rum
292 1494 427 1582 copula
452 1494 487 1562 in
504 1493 598 1582 soro
622 1499 785 1564 eoeteruo
801 1502 838 1564 et
858 1496 1017 1565 iudiciali
1035 1496 1225 1583 probetur,
1239 1500 1413 1582 poterunt

64 1630 67 1637 ¹
181 1602 294 1673 iidem
318 1602 696 1689 expraesumptione
720 1601 813 1670 iuris
828 1601 927 1671 etde
942 1601 1037 1687 iure,
1057 1611 1317 1690 contraquam
1335 1621 1410 1670 non

182 1709 385 1781 admittitur
407 1708 585 1796 probatio,
611 1728 678 1796 per
700 1709 988 1779 ecclesiasticam
1014 1715 1234 1798 potestatem
1251 1709 1348 1798 adigi
1363 1710 1411 1778 ad

182 1836 267 1887 sese
292 1815 486 1886 habendos
517 1827 697 1904 tanquam
729 1836 841 1887 veros
872 1818 1062 1905 onningen,
1090 1817 1228 1905 quibus
1266 1818 1412 1887 vivente

181 1928 364 2008 consorte,
389 1922 550 2011 quodvis
574 1924 805 1995 connubium
836 1925 1072 1994 interdictum
1096 1925 1156 2010 sit,
1181 1944 1231 1994 ex
1257 1943 1336 2011 cap.
1365 1927 1412 1993 30

181 2031 228 2101 de
251 2031 416 2118 sponsal.
441 2035 478 2099 et
500 2031 695 2100 matrim.»
723 2031 744 2097 ¹.
1299 2124 1301 2127 ,

247 2139 280 2206 8.
306 2137 415 2206 Hisce
439 2137 577 2225 positis,
604 2142 642 2206 ut
656 2138 868 2226 singulares
885 2138 922 2206 in
937 2140 1046 2226 praxi
1063 2140 1302 2226 quaestiones
1318 2138 1410 2205 solvi

182 2245 335 2331 possint,
360 2244 627 2332 exponendum
652 2259 709 2314 est
733 2247 767 2314 1⁰
791 2246 945 2314 ubinam
964 2246 1202 2316 tridentinum
1218 2244 1410 2321 decretum

181 2351 415 2437 publicatum
439 2349 547 2420 fuerit
570 2357 606 2422 et
621 2352 760 2440 vigeat,
786 2353 845 2421 vel
868 2371 964 2439 non;
990 2389 1013 2405 -
1027 2354 1064 2422 2⁰
1082 2372 1150 2441 pro
1166 2353 1304 2440 quibus
1323 2352 1411 2421 locis

181 2458 418 2533 Benedictiua
441 2458 644 2528 Declaratio
668 2458 777 2529 luerit
801 2460 883 2547 lata,
901 2466 938 2530 et
952 2460 1000 2529 ad
1017 2478 1115 2548 quae
1131 2458 1240 2528 fucrit
1254 2466 1409 2529 extensa
1500 2468 1502 2471 ’

180 2565 228 2637 ab
243 2566 445 2652 apostolica
471 2565 578 2650 Sede,
602 2567 662 2636 vel
686 2566 755 2653 ipsi
779 2568 929 2638 decreto
954 2567 1187 2654 derogatum.

245 2675 278 2741 9.
302 2674 347 2741 Et
372 2674 493 2760 primo
516 2672 669 2760 quidem
692 2674 740 2743 ad
765 2674 1053 2760 publicationem
1077 2673 1213 2743 decreti
1235 2674 1337 2761 quod
1354 2680 1410 2742 at-

180 2780 276 2864 tinet,
301 2780 396 2848 inter
419 2780 547 2866 plures
569 2781 813 2850 concinnatos
839 2782 1009 2851 locorum
1032 2782 1188 2866 indiceS,
1215 2800 1331 2849 unum
1351 2800 1412 2849 ex-

180 2886 278 2957 hibet
301 2883 604 2974 documentisque
640 2888 772 2974 probat
795 2907 830 2975 p.
855 2890 1020 2957 Perrone
1043 2887 1074 2972 ²,
1098 2888 1230 2957 ceteris
1257 2889 1410 2976 quidem

179 2992 396 3080 pleniorem,
421 3001 458 3063 al
481 2995 661 3079 nondum,
688 3000 728 3063 ut
750 2995 829 3082 ipse
851 2994 995 3083 fatetur,
1011 2995 1164 3065 omnino
1180 2994 1408 3082 completum

178 3100 472 3187 absolutumque
495 3101 544 3169 ob
574 3100 889 3172 documentorum
923 3103 1143 3189 praesertim
1168 3100 1364 3171 defectum.
1389 3139 1410 3149 -
1487 3154 1490 3155 ν

179 3206 259 3283 Hoc
282 3212 409 3277 autem
434 3206 588 3277 elencho
612 3228 655 3279 ea
681 3208 763 3277 locu
788 3214 964 3279 notantur
988 3210 1024 3281 in
1048 3210 1186 3298 quibus
1216 3209 1410 3280 decretum

178 3313 458 3402 promulgatum
484 3312 557 3401 fuit,
584 3315 642 3387 vel
667 3321 707 3385 ut
729 3316 876 3385 Concilii
909 3316 1101 3386 decretum
1133 3317 1182 3385 ab
1211 3336 1306 3386 aevo
1336 3336 1411 3414 ser·

179 3426 308 3507 vatur;
332 3421 462 3491 -dein
493 3441 537 3492 ea
569 3422 606 3490 in
630 3423 769 3511 quibus
800 3424 1081 3512 promulgatum
1111 3442 1186 3491 non
1210 3422 1295 3511 luit;
1319 3443 1409 3495 -ea

179 3528 334 3597 demum
359 3527 406 3596 de
430 3528 567 3615 quibus
591 3530 716 3599 adhuc
739 3531 896 3603 dubium
922 3533 979 3599 'est
1000 3551 1049 3601 an
1074 3529 1183 3599 luerit
1199 3531 1411 3620 promulga-

179 3640 268 3705 tum.
293 3636 403 3704 Hunc
433 3636 543 3724 igitur
574 3638 787 3743 catalogum
822 3639 965 3708 meliori
1000 3638 1186 3726 digestum
1210 3638 1349 3724 ordine,
1374 3645 1411 3708 et

178 3743 406 3832 quibusdum
431 3743 690 3814 additamentis
714 3764 781 3832 per
792 3746 1051 3819 adnotationes
1068 3746 1332 3834 locupletatum
1350 3747 1428 3815 hie»

179 3848 351 3921 referam.

244 3959 298 4028 10.
323 3956 360 4044 a)
385 3958 495 4044 Loca,
520 3959 556 4026 in
580 3959 719 4046 quibus
734 3960 935 4031 Tridentini
953 3962 1144 4031 decretum
1161 3958 1227 4029 luit
1243 3960 1407 4048 promul·

178 4069 317 4152 gatum,
343 4065 435 4135 haec
460 4065 697 4152 potissimum
722 4073 826 4135 sunt:

244 4221 344 4283 ¹0tr.
363 4225 448 4285 hauc
469 4224 627 4283 [astruet.
653 4225 683 4283 in
710 4226 765 4287 cit.
791 4224 1001 4317 Collectanea
1032 4225 1077 4285 ad
1109 4244 1207 4284 amm
1240 4228 1407 4287 Societatia

177 4323 378 4382 Mitridatem
401 4323 445 4381 ud
466 4330 607 4393 eeteros,
633 4340 667 4381 n.
694 4322 773 4383 992.
795 4342 872 4400 pap.
898 4322 977 4385 458.
1003 4333 1034 4382 et
1052 4343 1138 4401 seqq.

243 4419 432 4479 ²Perrone:
458 4417 504 4478 De
526 4412 740 4479 Matrimonz‘o
761 4423 959 4491 christiano,
992 4423 1046 4482 tit.
1075 4424 1106 4481 2.
1135 4431 1210 4483 acet.
1233 4422 1260 4481 l.
1281 4440 1354 4498 cap.
1372 4423 1404 4482 6.

178 4527 240 4595 ᾳντ.
257 4518 291 4576 4.
308 4534 385 4592 pap.
404 4516 473 4573 255
494 4525 526 4578 et
544 4536 629 4594 seqq.
648 4519 722 4580 edit.
741 4521 829 4581 Rom.
850 4519 938 4580 1858.
956 4521 1034 4579 Vide
1055 4521 1085 4579 in
1109 4521 1190 4581 notis
1211 4521 1407 4580 documenta

176 4617 307 4693 quaein
329 4615 461 4677 medium
482 4616 611 4693 proteri.
