3509 5317
726 566 764 581 -
787 536 905 597 titl-

203 665 308 741 li'citis
341 672 517 743 remediis
539 671 616 742 tolli
640 690 717 742 non
751 672 878 760 possit.
916 671 987 742 ista
1019 671 1235 759 impotentia
1263 670 1295 740 si
1324 669 1433 741 luerit

202 779 386 865 absoluta,-
410 796 480 851 seu
504 779 586 849 talis
610 786 649 850 ut
672 781 826 850 omnino
851 779 1123 868 impossibilem
1157 779 1289 851 reddat
1310 781 1435 848 coniu-

203 885 328 973 gaiem
362 886 559 975 copulam,
586 888 865 958 matrimonium
901 886 1038 956 dirimit
1071 904 1242 974 semper,
1275 890 1311 956 et
1344 904 1432 955 cum

204 994 367 1081 qualibet
389 1013 551 1081 persona
569 1001 820 1081 contractum;
845 995 875 1066 si
894 1013 983 1064 vero
1009 992 1159 1065 relativa
1184 998 1340 1077 tanturn,
1359 1011 1434 1062 ma·

204 1100 420 1169 trimonium
443 1101 579 1171 dirimit
601 1102 842 1171 solummodo
858 1119 948 1171 cum
963 1100 1023 1172 illa
1045 1101 1092 1171 ad
1117 1118 1233 1196 quam
1257 1099 1434 1187 impoten-

205 1208 251 1278 tia
275 1208 357 1296 ipsa
381 1207 549 1279 refertur.
574 1211 624 1280 lta
649 1210 758 1298 igitur
780 1211 816 1278 in
840 1210 967 1281 causis
983 1210 1095 1280 huius
1118 1208 1267 1299 generis
1290 1207 1435 1278 investi·

204 1315 374 1404 gationes
408 1322 517 1386 erunt
550 1316 785 1406 dirigendae,
810 1322 851 1386 ut
874 1318 1025 1388 tandem
1050 1316 1268 1387 deveniatur
1297 1316 1345 1386 ad
1373 1316 1435 1387 ad·

204 1423 425 1493 struendam
449 1424 509 1493 vel
532 1423 807 1495 excludendam
831 1433 1018 1495 assertam
1051 1424 1306 1512 impotentiam
1337 1429 1435 1492 ante·

205 1531 398 1601 cedentem
423 1537 459 1601 et
481 1537 712 1621 perpetuam,
736 1534 816 1603 sive
836 1533 1049 1603 absolutam
1080 1533 1160 1602 sive
1183 1531 1316 1602 saltem
1345 1531 1434 1601 rela-

205 1639 331 1708 tivam.
672 1665 676 1674 ·

273 1743 382 1814 Hunc
406 1746 443 1814 in
466 1744 580 1816 finem
606 1765 698 1834 prae
721 1747 839 1817 oculis
873 1746 1048 1817 habenda
1071 1747 1139 1816 erit
1160 1745 1353 1816 instructio
1376 1764 1435 1814 su·

205 1868 360 1937 premas
382 1852 686 1942 congregationis
709 1854 745 1925 S.
770 1851 897 1923 Officii.

272 1959 294 2042 5
315 1960 369 2029 47.
395 1960 501 2041 Quod
526 1960 557 2029 si
582 1978 696 2029 casus
719 1968 906 2047 occurrat,
936 1963 996 2030 cui
1026 1961 1062 2030 in
1091 1960 1332 2030 instructione
1364 1959 1435 2028 bac

208 2068 401 2151 provisum
418 2084 494 2137 non
512 2068 566 2153 sit,
583 2067 630 2136 ad
647 2067 738 2136 iuris
753 2069 967 2137 communis
991 2086 1164 2138 normam
1180 2072 1433 2155 pertractetur,

205 2190 252 2241 uc
274 2171 465 2242 decidatur
488 2179 640 2260 oportet.

776 2407 857 2475 xil.

318 2614 478 2686 instructio
502 2614 535 2684 S.
562 2619 597 2685 0.
621 2616 654 2686 8.
677 2618 781 2686 cliton
804 2619 840 2686 de
863 2623 946 2686 statu
969 2616 1064 2685 libero
1080 2617 1315 2701 comprobando:

553 2746 554 2750 ¹
667 2716 702 2784 21
727 2717 854 2801 lupum
875 2713 968 2786 telo.

277 2926 370 2995 Cum
395 2924 487 2996 alias
511 2945 578 3013 per
600 2926 637 2996 S.
655 2926 692 2997 C.
716 2926 753 2995 S.
777 2925 845 2995 Off.
879 2925 1016 2995 iteratis
1051 2925 1357 2994 instructionibus
1388 2924 1437 2992 ab

211 3033 342 3104 eadem
367 3035 550 3103 emanatis
573 3033 620 3102 de
644 3051 744 3102 anno
769 3035 855 3102 1658
881 3041 917 3104 et
939 3034 1027 3102 1665
1058 3032 1304 3118 locorumque
1338 3029 1438 3099 Ordi-

209 3139 322 3209 nan'is
344 3140 584 3227 transmissis,
610 3142 804 3228 provisum
829 3139 938 3209 fucrit
962 3148 1001 3209 ut
1025 3138 1263 3226 praescriptis
1288 3139 1438 3208 interro-

209 3247 359 3336 gatoriis
382 3246 559 3317 iaciendis
583 3247 749 3333 testibus,
774 3248 836 3335 qui
861 3248 909 3316 ad
935 3246 1174 3333 probandum
1200 3252 1337 3315 statum
1354 3244 1439 3312 iibe-

210 3374 294 3424 rum
319 3355 614 3424 contrahentium
641 3354 921 3424 matrimonium
937 3355 1175 3437 inducuntur,
1192 3353 1315 3421 omnis
1337 3368 1439 3437 pror-

210 3480 278 3531 sus
300 3462 514 3533 secludatur
537 3462 659 3533 aditus
680 3462 723 3532 iis
739 3464 812 3550 qui,
830 3452 955 3533 adhuc
972 3462 1118 3530 vivente
1134 3461 1249 3530 altero
1266 3460 1434 3546 coniuge,

210 3576 275 3640 aut
295 3570 387 3641 alias
410 3571 584 3658 impediti,
609 3571 655 3640 ad
680 3570 846 3640 secunda
880 3569 997 3639 illicita
1034 3578 1118 3639 vota
1154 3569 1310 3637 transire
1346 3572 1438 3636 sata·

210 3673 368 3762 gebunt;
393 3670 524 3744 videns
548 3675 789 3743 nihilominus
813 3672 957 3743 SSmus
980 3674 1020 3741 D.
1045 3673 1087 3739 N.
1113 3670 1358 3759 quamplures
1390 3670 1438 3738 lo-

210 3798 340 3850 corum
367 3782 590 3868 ordinarios,
616 3782 674 3851 vel
698 3799 831 3852 eorum
856 3782 1014 3851 vicarios
1038 3788 1074 3850 et
1097 3779 1296 3867 deputatus
1311 3777 1360 3847 ad
1378 3797 1440 3847 ex·

158 3958 163 3965 ,
210 3888 570 3975 cipiendasiestium
594 3890 854 3976 depositiones,
880 3907 1027 3958 necnon
1055 3887 1241 3973 parochos
1268 3892 1304 3956 et
1338 3892 1436 3954 nota·

212 3995 286 4064 rios
309 3997 351 4064 in
369 3997 519 4067 casibus
542 3996 744 4083 expressis,
769 4002 835 4065 aut
857 3995 1035 4081 omittere,
1059 4001 1217 4064 autnon
1234 3988 1436 4063 observare

211 4103 429 4173 earumdem
448 4103 736 4173 instructionum
752 4111 931 4189 tenorem,
948 4108 993 4188 et,
1011 4102 1093 4173 licet
1107 4100 1309 4189 aliquando
1326 4100 1435 4188 plene

211 4211 419 4299 observent
445 4228 519 4279 nen
544 4216 669 4279 tamen
686 4210 915 4300 interrogare
931 4215 1044 4280 testes
1059 4227 1176 4295 super
1192 4207 1273 4277 aliis
1289 4209 1437 4293 impedi-

212 4318 344 4387 mentis
367 4318 648 4389 dirimentibus:
672 4319 756 4390 ideo
781 4319 912 4389 volens
935 4318 1117 4388 Sanctitas
1139 4318 1215 4388 Sua
1239 4315 1436 4404 praedictis

212 4424 320 4494 malis
343 4444 550 4514 occurrere,
567 4418 614 4499 re'
625 4433 771 4498 mature
794 4427 1027 4498 considerata
1045 4445 1132 4497 cum
1150 4428 1252 4495 Emis
1274 4431 1309 4496 et
1332 4427 1438 4495 Rmis

211 4536 284 4604 Db.
308 4536 564 4607 Cardinalibus
588 4537 833 4607 Generalibus
858 4535 1149 4623 inquisitoribus,
1168 4534 1353 4622 praesenti
1374 4534 1441 4601 De·

211 4649 311 4714 creto
335 4645 522 4734 perpetuis
544 4643 678 4715 futuris
701 4644 933 4732 temporibus
956 4643 1136 4713 duraturo
1161 4644 1294 4712 iterum
1323 4641 1438 4710 iniun-
