3509 5317
1385 523 1743 584 ..429-

1191 769 1590 820 An‘rmunus
1648 768 1971 820 marius.

939 914 1054 982 De
1099 908 1622 1002 impedimento
1670 910 1779 980 vis
1827 917 1899 981 et
1945 915 2209 980 metas.

477 1078 584 1145 35.
634 1076 839 1146 Circa
886 1067 1503 1164 impedimentum
1537 1074 1742 1164 quod
1779 1073 1891 1143 vis
1925 1080 1998 1143 et
2028 1079 2274 1144 metus
2320 1074 2603 1160 dicitur,
2630 1086 2800 1144 ante

345 1183 596 1254 omnia
642 1183 1192 1254 advertendum
1241 1173 1581 1269 occurrit,
1646 1183 2025 1252 neminem
2076 1203 2119 1253 a
2167 1183 2329 1253 iure
2376 1183 2657 1254 admitti
2704 1186 2792 1254 [nl

350 1290 904 1384 matrimonium
963 1311 1063 1360 ex
1112 1292 1258 1359 hoc
1317 1290 1555 1379 capite
1610 1291 2236 1379 impugnandum,
2286 1293 2423 1360 nisi
2484 1293 2609 1381 qui
2661 1294 2800 1362 vim-

348 1399 645 1469 lentiam
695 1405 764 1469 et
810 1401 1274 1469 coactionem
1322 1418 1599 1487 passus
1646 1399 1930 1487 dicitur,
1967 1397 2162 1469 reiici
2196 1417 2378 1468 vero
2425 1418 2625 1486 eum,
2674 1402 2796 1490 qni

348 1524 481 1593 per
528 1506 836 1595 longum
903 1512 1204 1592 tempus
1253 1507 1325 1574 in
1383 1504 1857 1576 matrimonio
1917 1507 2197 1592 vixerit,
2246 1507 2664 1577 dummodo
2716 1510 2800 1574 ei-

346 1617 520 1685 dem
568 1614 868 1683 libertas
916 1620 988 1682 et
1032 1614 1550 1701 opportunitas
1597 1614 2053 1685 reclamandi
2111 1631 2262 1682 non
2311 1612 2656 1699 defuerit,
2708 1614 2792 1682 itm

348 1726 430 1790 ut
473 1722 535 1790 si
582 1721 763 1789 liber
810 1722 956 1792 iam
1008 1741 1053 1790 a
1101 1726 1306 1790 metu
1353 1739 1493 1791 sua
1541 1729 1807 1808 sponte
1852 1722 1924 1788 in
1973 1721 2337 1809 coniugali
2389 1720 2617 1790 domo
2649 1740 2800 1809 per·-

349 1829 624 1914 stiterit,
672 1829 1240 1899 matrimonialia
1287 1828 1530 1898 officia
1579 1847 1729 1897 non
1778 1829 2310 1915 detrectaverit,
2360 1828 2603 1899 audiri
2655 1848 2800 1898 «arna

348 1938 542 2026 plius
599 1957 750 2007 non
813 1938 1098 2008 debeat.
1156 1937 1445 2008 Etenim
1512 1937 1638 2024 qui
1702 1936 1881 2006 liber
1942 1959 1986 2008 a
2054 1939 2436 2007 coactione
2484 1942 2800 2014 metult-*fn

349 2043 693 2114 facultate
738 2050 811 2113 et
855 2046 1404 2133 opportunitate
1459 2044 1915 2115 reclamandi
1963 2064 2113 2114 non
2166 2047 2408 2132 utitur,
2459 2050 2800 2114 censetm¹

353 2153 788 2238 consentire,
841 2158 910 2223 et
954 2151 1321 2222 ratificare
1371 2153 1573 2241 quod
1625 2157 1842 2222 antea
1890 2152 2164 2221 invitus
2212 2163 2434 2240 atque
2482 2153 2800 2223 adversm

352 2262 603 2332 animo
658 2260 951 2332 fecerat.
1006 2261 1223 2331 Unde
1285 2259 1356 2327 in
1422 2259 1683 2346 primis
1743 2261 1876 2328 erit
1935 2259 2486 2347 inquirendum,
2550 2265 2796 2330 utrum

353 2369 728 2439 accusatio
775 2375 1130 2455 tempore,
1182 2368 1283 2437 uti
1331 2366 1610 2453 dicitur,
1647 2367 1797 2436 utili
1845 2366 2032 2437 facta
2082 2368 2206 2453 sit;
2257 2373 2327 2438 et
2371 2369 2433 2436 si
2482 2368 2800 2437 bociam

351 2475 668 2561 fluxerit,
717 2477 1246 2563 quaerundum
1298 2476 1458 2562 erit,
1508 2493 1843 2562 quanam
1912 2474 2006 2544 de
2052 2494 2283 2545 causa
2334 2477 2478 2547 hoc
2531 2477 2804 2545 accida:-

353 2583 460 2669 rit,
513 2589 591 2651 ut
636 2583 941 2651 iudicari
988 2584 1244 2671 possit,
1297 2588 1547 2651 utrum
1597 2583 1973 2653 accusatio
2008 2583 2460 2653 admittenda
2508 2601 2606 2651 an
2656 2586 2804 2650 reli³

353 2693 630 2778 ciendav
662 2695 772 2761 sit.
809 2678 1156 2763 Secundo
1191 2710 1371 2779 prae
1405 2692 1639 2761 oculis
1671 2693 2104 2762 habendum
2140 2692 2292 2777 erit,
2326 2693 2804 2761 solummodo

354 2806 638 2870 metum
702 2819 1036 2889 gravem,
1094 2800 1220 2888 qui
1284 2818 1555 2886 nempe
1614 2801 1687 2868 in
1741 2801 1983 2869 virum
2048 2805 2513 2870 constantem
2572 2800 2804 2878 cadat,

354 2908 909 2976 matrimonium
962 2907 1339 2993 dirimere,
1389 2913 1460 2976 et
1523 2912 2069 2996 consequenter
2115 2906 2212 2977 ad
2274 2908 2475 2976 hunc
2523 2910 2804 2974 metum

356 3015 907 3103 exquirendum
955 3033 1226 3084 omnes
1256 3016 1413 3084 sive
1456 3016 1953 3086 moderatoris
1990 3021 2330 3085 actorum
2381 3017 2541 3085 sive
2571 3014 2808 3084 defen-

355 3123 550 3191 soris
583 3123 1029 3192 matrimonii
1062 3122 1664 3210 investigationes
1695 3142 1866 3193 esse
1898 3122 2346 3210 dirigendas.
2398 3124 2630 3194 Porro
2655 3143 2812 3211 gin-1-

357 3229 544 3299 vitas
592 3230 874 3299 timoris
921 3231 1155 3299 oritur
1201 3249 1301 3300 ex
1348 3239 1610 3300 natura
1660 3231 2062 3315 minarum,
2112 3251 2207 3300 ex
2257 3231 2606 3318 qualitate
2653 3236 2804 3299 tuin

358 3354 621 3405 eorum
669 3357 708 3407 a
763 3337 1039 3426 quibus
1090 3335 1254 3408 illae
1301 3336 1942 3425 profisciscuntur,
1992 3344 2152 3407 tum
2190 3357 2455 3408 eorum
2507 3339 2635 3426 qui
2684 3358 2812 3406 aar·

358 3444 558 3531 passi
610 3445 979 3514 dicuntur.
1030 3445 1170 3514 Ista
1246 3446 1381 3514 tria
1423 3445 1669 3532 itaque
1738 3451 1958 3513 erunt
2018 3446 2458 3532 praesertim
2525 3447 2816 3514 investiv

357 3551 626 3640 ganda.

489 3659 598 3726 36.
648 3660 853 3730 Circa
916 3661 1247 3747 primum
1311 3659 1576 3729 sedulo
1623 3660 2175 3748 inquirendum,
2242 3665 2492 3729 utrum
2544 3660 2670 3747 qui
2720 3662 2808 3726 *l*-

360 3765 680 3836 adhibita
731 3768 1111 3837 coactione
1158 3773 1630 3854 accusantur,
1664 3768 1760 3838 ita
1809 3768 2337 3838 consueverint
2381 3787 2606 3856 agere
2639 3788 2808 3838 cum

359 3891 703 3959 persona,
755 3894 949 3962 quae
1004 3881 1259 3945 coacta
1323 3876 1608 3962 dicitur,
1659 3883 1738 3946 ut
1786 3894 2096 3965 gravem
2147 3883 2370 3964 atque
2422 3877 2808 3946 molestam

361 3979 600 4049 eidem
639 3981 1033 4051 redderent
1058 3983 1547 4053 domesticam
1582 3989 1654 4052 et
1683 3982 2126 4053 familiarem
2160 3985 2776 4054 cohabitationem
2804 4006 2812 4062 ;

360 4106 736 4173 quaenam
787 4085 1054 4158 fuerint
1102 4090 1172 4156 in
1222 4090 1471 4177 specie
1506 4090 1889 4159 molestiae
1940 4090 2180 4159 eidem
2233 4091 2515 4180 illatae;
2569 4097 2812 4160 utrum

364 4194 596 4263 verba
640 4196 849 4283 gravi
898 4195 1396 4284 indignatione
1429 4197 1647 4285 plena
1695 4197 2039 4282 adhibita,
2095 4197 2445 4267 intentata
2495 4198 2816 4267 haere-‹li-

363 4302 528 4370 tatis
575 4301 902 4388 privati0‚
954 4303 1206 4373 eiectio
1256 4324 1297 4373 e
1346 4309 1650 4390 paterna
1706 4303 1955 4389 dom0,
1994 4321 2089 4372 an
2125 4304 2370 4373 addita
2403 4305 2624 4374 etiam
2661 4325 2816 4374 viz-1·-

364 4408 566 4477 bera.
1524 4474 1528 4479 .

497 4515 702 4587 Circa
751 4519 1171 4591 secundum
1236 4517 1872 4588 considerandum
1922 4522 2053 4604 est,
2108 4523 2359 4586 utrum
2424 4516 2551 4605 qui
2602 4515 2692 4584 de
2756 4522 2816 4582 v11-

314 4632 336 4654 ·
367 4625 503 4694 lata
557 4626 628 4692 vi
677 4631 977 4696 metuve
1024 4633 1497 4714 accusantur,
1549 4629 1803 4725 patria
1850 4631 2215 4724 potestate
2262 4632 2335 4695 et
2390 4625 2816 4696 auctorit-,ih¹
