3509 5317
1679 479 2038 541 -150-

633 627 932 691 vertens
979 619 1157 707 quid
1206 622 1473 707 agatur
1520 617 1566 685 ².
1612 655 1658 666 -
1705 618 1896 687 Hinc
1926 618 2203 689 sufficit
2231 623 2312 689 ut
2355 620 2605 707 aliquo
2656 637 2891 688 sensu
2940 637 3120 706 per-

631 728 905 816 cipiant
947 726 1125 815 quid
1174 730 1461 815 agatur,
1508 726 1668 795 sive
1717 726 1884 795 visu
1916 726 2077 796 sive
2122 725 2400 814 auditu3
2434 726 2552 796 vel
2588 727 2798 815 signa
2831 726 3111 798 saltem

631 836 934 906 videant
978 839 1049 903 et
1094 833 1514 921 intelligant,
1563 853 1761 921 quae
1808 840 2158 902 mutuum
2230 833 2646 923 significent
2711 835 3114 923 utriusque

630 943 864 1031 partis
909 958 1369 1011 consensum
1421 938 1466 1004 ².
1517 940 1597 1008 Id
1644 945 1898 1010 autem
1963 942 2297 1011 maxime
2342 943 2438 1011 de
2484 942 2815 1029 parocho
2856 946 3116 1012 tenen-

633 1050 816 1120 dum
868 1055 999 1136 est,
1048 1050 1195 1137 qui,
1246 1053 1326 1119 ut
1372 1049 1470 1118 ait
1499 1048 1944 1119 Benedictus
1973 1049 2171 1136 XIV,
2221 1071 2259 1114 «
2290 1050 2598 1119 interest
2628 1051 3110 1120 matrimonio

632 1163 994 1244 tanquam
1042 1156 1247 1225 testis
1293 1153 1854 1224 auetorizabilis
1887 1174 2023 1243 pro
2053 1155 2452 1226 Ecclesia...
2487 1155 2759 1226 idcirco
2791 1156 3111 1243 parochi

634 1265 1136 1352 praesentiam
1188 1263 1435 1350 voluit,
1485 1268 1566 1332 ut
1609 1263 1682 1330 in
1732 1263 1925 1333 illius
1970 1264 2335 1351 probitate
2382 1264 2802 1334 maximum
2848 1265 3116 1334 verita-

524 1426 530 1431 .
633 1373 723 1440 tis
769 1370 1342 1440 fundamentum
1392 1375 1815 1440 statueret»
1855 1367 1900 1438 ⁸.

770 1474 884 1542 111.
934 1475 1098 1542 Non
1147 1479 1401 1543 autem
1452 1474 1870 1560 requiritur,
1923 1478 2002 1543 ut
2048 1475 2429 1560 parochus
2476 1480 2702 1562 atque
2735 1479 2961 1544 testes
3006 1476 3112 1545 ad

637 1582 779 1650 hoc
831 1582 1065 1651 vocati
1113 1599 1252 1649 seu
1301 1573 1536 1669 rogati
1585 1581 1936 1667 intersint,
1985 1580 2120 1650 sed
2156 1579 2432 1651 sufficit
2462 1600 2595 1651 eos
2628 1601 2811 1653 casu
2846 1601 3117 1668 super-

635 1691 909 1775 venire,
958 1689 1077 1759 vel
1126 1690 1347 1758 etiam
1396 1689 1704 1757 omnino
1753 1690 2042 1774 invitoe,
2099 1689 2615 1775 reclamantes,
2653 1688 2722 1757 vi
2778 1688 2890 1760 vel
2925 1689 3113 1759 dolo

634 1798 973 1867 detentos
1020 1799 1400 1866 interesse.
1447 1834 1493 1847 -
1539 1797 1712 1866 Sive
1761 1800 1960 1867 enim
1994 1803 2263 1884 sponte
2296 1798 2456 1866 sive
2486 1797 2710 1867 invite
2743 1798 3111 1884 intersint,

634 1913 954 1991 possunt
1001 1907 1173 1973 item
1223 1904 1624 1992 intelligere
1655 1909 1881 1992 atque
1915 1904 2163 1974 testari
2197 1904 2291 1974 de
2335 1904 2450 1972 his
2482 1923 2679 1992 quae
2713 1909 3111 1993 geruntur.

635 2048 679 2062 -
724 2011 1029 2081 Constat
1073 2012 1292 2081 etiam
1345 2031 1444 2081 ex
1508 2029 1876 2098 responso
1938 2012 2010 2082 S.
2080 2012 2154 2081 C.
2204 2012 2296 2082 ad
2358 2014 2815 2099 Episcopum
2881 2013 3105 2082 Gien-

634 2136 953 2188 nensem
1002 2138 1202 2189 anno
1253 2121 1419 2189 1581
1477 2117 1521 2182 ⁴.

1802 2273 1958 2354 §3.

1018 2402 1134 2470 De
1181 2400 1256 2470 vi
1295 2399 1768 2490 synodalium
1816 2374 2427 2472 constitutionum
2476 2401 2734 2490 quoad

1202 2506 1826 2578 elandestinitacis
1887 2506 2523 2598 impedimentum.

769 2668 879 2735 25.
927 2665 1043 2734 Ad
1092 2665 1316 2736 dubia
1365 2664 1738 2750 diluenda,
1789 2685 1985 2754 quae
2034 2665 2206 2733 oriri
2267 2671 2581 2754 possent
2626 2683 2724 2735 ex
2771 2667 3116 2754 Synoda-

641 2773 833 2842 libus
886 2772 1543 2843 Constitutionibus
1604 2773 1698 2841 de
1764 2774 2136 2843 eiusmodi
2202 2773 2811 2843 clandestinitatis
2880 2775 3118 2862 impe·

638 2880 969 2950 dimento
1017 2881 1505 2959 tractantibus
1568 2879 1685 2950 vel
1733 2899 1931 2968 quae
1988 2881 2084 2951 ad
2148 2880 2325 2949 illud
2392 2879 2832 2966 referuntur,
2882 2900 3113 2968 quos-

639 2988 817 3058 dam
867 2988 1087 3057 veluti
1135 3007 1468 3058 canones
1529 3007 1629 3056 ex
1696 2987 2067 3057 Benedicti
2144 2989 2324 3057 XIV
2392 2992 2708 3057 tractatu
2783 2986 2877 3057 de
2926 2989 3110 3076 Syn-

639 3093 784 3163 odo
855 3096 1328 3182 excerpsisse
1397 3095 1710 3181 iuvabit,
1786 3115 1885 3165 ex
1955 3095 2234 3182 quibus
2306 3095 2453 3164 hoc
2522 3095 2807 3165 eruitur
2881 3115 3111 3184 gene-

639 3202 796 3272 rale
844 3203 1311 3290 principium:
1364 3224 1400 3266 «ι
1435 3203 1857 3291 Synodales
1925 3203 2500 3273 Constitutiones
2564 3208 2691 3273 aut
2755 3204 3111 3274 edictales

641 3309 863 3397 legeS,
914 3328 1110 3396 quae
1156 3309 1534 3396 sponsalia
1583 3309 1949 3398 attingunt
1981 3315 2055 3379 et
2076 3308 2540 3380 clandestina
2566 3310 2929 3398 coniugia,
2965 3311 3113 3380 etsi

637 3418 876 3487 iustae
922 3436 1013 3486 ac
1044 3424 1366 3503 sanctae,
1399 3423 1472 3486 et
1501 3416 1597 3488 ad
1631 3436 1907 3505 graves
1940 3417 2443 3487 eliminandos
2475 3417 2766 3511 abusus
2806 3417 3110 3486 videan-

638 3530 761 3595 tur
806 3524 1372 3613 quodammodo
1421 3525 1917 3609 necessariae,
1968 3544 2164 3614 quae
2213 3530 2465 3596 tamen
2515 3523 2666 3594 iuri
2729 3525 3114 3594 communi

638 3637 1152 3721 opponuntur,
1211 3633 1494 3701 viribus
1541 3633 1849 3700 omnino
1899 3638 2245 3702 carent».
2296 3669 2339 3680 -
2386 3632 2660 3719 Itaque.

779 3738 1095 3810 Primo:
1140 3777 1187 3788 -
1233 3740 1535 3810 Nullum
1575 3740 1884 3810 haberet
1918 3740 2150 3808 robur
2175 3739 2610 3808 constitutio
2635 3738 2916 3827 Synodi
2942 3740 3111 3809 sive

641 3850 1132 3918 dioecesanae
1193 3848 1352 3918 sive
1423 3846 1919 3935 provincialis
1984 3867 2181 3936 quae
2243 3853 2618 3931 statueret,
2680 3847 2879 3919 nulla
2932 3866 3110 3917 esse

642 3955 1018 4042 sponsalia
1085 3955 1225 4024 nisi
1272 3974 1531 4025 coram
1593 3955 1926 4042 parocho
1973 3972 2066 4023 ac
2111 3951 2417 4023 duobus
2466 3954 2775 4024 testibus
2821 3958 3113 4025 contra-

643 4061 914 4132 hantur
960 4096 1005 4111 -
1053 4059 1096 4129 ⁵.

775 4211 794 4248 ¹
840 4210 990 4287 Leg.
1039 4229 1260 4269 coram
1309 4213 1472 4269 Titio
1514 4215 1586 4287 ff.
1631 4211 1711 4269 de
1765 4209 1835 4270 V.
1884 4212 1949 4269 S.

773 4310 798 4348 ‘2'
843 4310 1155 4370 Benedict.
1206 4310 1355 4370 XIV
1397 4311 1476 4369 de
1520 4310 1783 4382 Synodo
1829 4310 1937 4369 lib.
1993 4307 2099 4370 13.
2148 4328 2292 4385 cap.
2341 4309 2453 4368 23.
2501 4329 2571 4368 n.
2628 4309 2687 4367 1.
2732 4313 2798 4370 et
2841 4307 2903 4368 6.

773 4409 797 4445 ³
841 4409 1153 4468 Benedict.
1205 4408 1353 4468 XIV
1396 4409 1476 4466 de
1520 4409 1781 4480 Synodo
1824 4410 1933 4466 cit.
1984 4409 2092 4465 lib.
2149 4407 2253 4467 13.
2301 4426 2448 4483 cap.
2496 4406 2611 4469 23.
2662 4426 2729 4467 n.
2779 4406 2841 4464 6.

777 4508 799 4545 ⁴
845 4506 1020 4583 Apud
1065 4507 1377 4566 Benedict.
1426 4506 1575 4566 XIV
1623 4508 1665 4566 l.
1713 4523 1768 4566 c.
1816 4525 1888 4567 n.
1947 4507 2001 4566 1.

777 4606 801 4642 5
844 4605 972 4665 Gfr.
1023 4605 1339 4665 Benedict.
1388 4604 1537 4664 XIV
1581 4606 1659 4663 de
1703 4606 1964 4680 Synodo
2011 4605 2119 4664 lib.
2175 4605 2282 4667 12.
2330 4623 2475 4680 cap.
2524 4605 2586 4662 5.
2632 4623 2701 4664 n.
2757 4606 2816 4664 1.
