3509 5317
1736 505 2094 567 —188—

682 642 1167 728 ponderantis
1199 661 1473 714 causas
1507 643 1799 731 aliaque
1833 650 2216 712 momenta
2263 640 2678 711 formidinis
2712 638 2757 708 ¹.
2806 678 2852 688 —
2921 640 3145 710 Vario

681 752 844 821 testi
890 750 1354 820 credendum
1414 750 1861 839 plerumque
1921 751 1993 819 in
2044 751 2167 836 iis,
2224 768 2420 837 quae
2469 750 2714 836 primo
2763 750 3144 836 deposuit,

683 877 1148 946 quamquam
1170 859 1371 945 prior
1391 857 1752 944 depositio
1776 877 1926 926 non
1946 877 2036 945 pa
2047 876 2215 927 rum
2243 878 2284 927 a
2305 857 2632 926 secunda
2665 855 3083 927 infirmetur
3096 855 3145 923 ².

684 1005 730 1014 —
778 964 1078 1034 Sibimet
1115 963 1483 1035 contrarii
1514 965 1716 1034 testis
1763 984 1902 1036 seu
1937 967 2339 1052 pugnantia
2390 967 2461 1032 in
2514 984 2653 1035 sua
2688 966 3148 1051 depositione

683 1075 992 1144 dicentis
1039 1075 1543 1144 testimonium
1593 1074 1870 1144 nullius
1917 1078 2033 1144 est
2080 1074 2389 1160 roboris,
2423 1075 2563 1167 nisi
2609 1072 2796 1143 forte
2827 1093 2913 1142 se
2959 1073 3147 1141 illico

685 1182 845 1268 ipse
876 1182 1215 1270 corrigat,
1250 1183 1419 1269 quia
1459 1188 1636 1253 tunc
1667 1183 1832 1251 eius
1863 1182 2297 1252 correctioni
2346 1187 2459 1251 est
2497 1180 3063 1252 adhaerendum
3100 1179 3147 1247 ⁸.

820 1287 925 1357 12.
976 1290 1172 1358 Dum
1220 1299 1470 1359 autem
1523 1290 1782 1376 plures
1828 1294 2055 1360 testes
2116 1309 2252 1376 pro
2301 1297 2376 1359 et
2420 1295 2678 1358 contra
2724 1288 3146 1375 deponunt,

686 1416 822 1466 seu
873 1400 1100 1466 testes
1165 1404 1342 1466 sunt
1386 1395 1581 1465 inter
1626 1416 1705 1466 se
1751 1394 2158 1481 contrarii,
2213 1415 2396 1483 prae
2459 1396 2697 1466 oculis
2755 1395 3148 1465 habendae

684 1513 862 1573 sunt
922 1504 1226 1591 regulae
1287 1505 1384 1573 ab
1445 1509 1766 1592 utroque
1814 1505 1973 1573 iure
2031 1505 2221 1575 civili
2269 1510 2341 1574 et
2387 1504 2748 1574 canonico
2800 1503 3147 1573 traditae:

687 1611 1164 1698 potissimum
1185 1630 1364 1681 vero
1398 1631 1579 1699 prae
1612 1613 1850 1681 oculis
1875 1613 2262 1698 habeatur,
2291 1619 2586 1698 praeter
2610 1617 2916 1696 ceteras,
2946 1611 3154 1679 Inno-

687 1718 902 1788 centii
941 1718 1031 1785 111
1064 1719 1455 1789 decretalis
1489 1716 1534 1804 ⁸,
1571 1739 1719 1807 qua
1755 1720 2098 1789 edicitur:
2135 1741 2172 1783 «
2201 1720 2390 1789 Cum
2423 1719 2645 1806 igitur
2667 1719 2841 1787 hinc
2874 1719 3148 1805 plureS,

693 1848 730 1889 «
763 1826 935 1895 inde
966 1846 1141 1896 vero
1174 1826 1321 1896 sint
1351 1833 1575 1897 testes
1606 1846 1928 1897 numero
1962 1828 2357 1915 pauciores
2389 1826 2725 1914 producti
2751 1824 2875 1911 (ab
2897 1831 3153 1894 actore

692 1953 729 1995 «
763 1937 835 2002 et
879 1933 1065 2019 reo),
1120 1952 1313 2021 quos
1362 1952 1510 2002 non
1562 1934 1809 2003 solum
1846 1934 2144 2003 diversa
2191 1934 2326 2003 sed
2376 1935 2698 2004 adversa
2750 1935 3048 2020 penitus
3079 1932 3148 1999 in

694 2061 731 2102 «
762 2040 1219 2127 quibusdam
1265 2047 1558 2110 constat
1604 2043 2018 2111 testimonia
2059 2041 2508 2126 reddidisse3
2558 2041 2728 2127 quia
2782 2041 3009 2109 etiam
3057 2038 3150 2107 ad

694 2167 732 2210 «ι
766 2147 1309 2217 multitudinem
1337 2155 1623 2218 tantum
1657 2150 2024 2236 respicere
2051 2167 2207 2219 non
2231 2154 2538 2235 oportet,
2565 2148 2699 2217 sed
2727 2149 2823 2217 ad
2853 2148 3147 2217 testium

696 2274 733 2316 «
762 2254 1188 2342 qualitatem
1224 2260 1296 2324 et
1326 2254 1421 2324 ad
1457 2256 1796 2342 ipsorum
1830 2255 2188 2342 deposita,
2217 2255 2493 2343 quibus
2528 2255 2775 2342 potius
2811 2254 2945 2323 lux
2977 2255 3157 2323 veri-

696 2382 732 2423 «
768 2364 932 2433 tatis
979 2365 1285 2449 assistit,
1335 2383 1434 2433 ex
1479 2365 1755 2451 quibus
1807 2369 2095 2432 motum
2143 2363 2367 2431 animi
2421 2364 2538 2432 sui
2586 2362 2935 2431 convenit
2980 2361 3148 2430 iudi-

697 2492 734 2533 «
766 2489 930 2541 cem
979 2469 1418 2540 informare:
1470 2471 1947 2555 mandamuS,
1995 2483 2372 2557 quatenus
2420 2471 2480 2537 si
2531 2475 2759 2539 testes
2806 2471 3152 2556 utrinque

698 2600 734 2641 «
768 2578 1105 2665 producti
1165 2578 1505 2648 eiusdem
1573 2579 1980 2649 honestatis
2042 2585 2113 2648 et
2158 2578 2692 2647 aestimationis
2752 2576 3149 2661 extiterint,

697 2706 734 2748 «
765 2703 941 2754 cum
992 2691 1296 2772 constet,
1347 2691 1575 2755 testes
1624 2686 2176 2753 monachorum
2224 2702 2393 2754 esse
2442 2684 2755 2753 testibus
2801 2682 3153 2752 archidia-

698 2814 735 2855 «
767 2793 933 2862 coni
983 2811 1303 2861 numero
1341 2794 1753 2879 pauciores,
1792 2811 1928 2879 pro
1961 2792 2486 2861 archidiacono
2521 2791 2967 2860 sententiam
2995 2809 3151 2877 pro-

697 2921 734 2962 <‹
767 2898 1036 2969 feratis.
1083 2937 1131 2947 —-
1174 2901 1248 2969 Si
1301 2918 1478 2968 vero
1528 2905 1755 2970 testes
1812 2919 1909 2968 ex
1943 2904 2153 2986 parte
2193 2900 2739 2967 monachorum
2791 2896 3149 2984 producti,

698 3029 734 3069 «
768 3012 1013 3076 tantae
1038 3007 1669 3093 praeeminentiae
1707 3005 1994 3092 fuerint,
2033 3006 2231 3094 quod
2262 3022 2527 3074 eorum
2553 3006 2959 3074 auctoritas
2990 3004 3154 3073 alio-

697 3136 734 3177 «
768 3134 935 3183 rum
983 3115 1076 3183 sit
1147 3114 1410 3182 merito
1474 3106 1916 3183 multitudini
1980 3112 2503 3201 praeferenda,
2553 3113 2651 3183 ab
2706 3110 3150 3198 impetitione

701 3244 737 3285 «
773 3221 1271 3291 archidiaconi
1319 3221 1726 3291 absolvatis
1773 3222 2083 3291 eosdem
2116 3244 2178 3288 ».

835 3329 1087 3416 Itaque
1135 3335 1293 3397 tum
1331 3348 1429 3398 ex
1478 3330 1638 3414 hac,
1673 3347 1848 3397 cum
1899 3348 1998 3397 ex
2029 3329 2189 3398 aliis
2221 3328 2718 3398 decretalibus
2764 3334 2836 3396 et
2869 3327 3150 3415 legibus

696 3437 932 3506 citatis
978 3457 1017 3506 a
1072 3437 1216 3504 DD.
1265 3436 1627 3525 colligitur
1891 3449 1897 3456 ·
3147 3488 3154 3493 .

834 3541 1138 3612 Primo:
1184 3544 1258 3612 Si
1307 3544 1460 3612 duo
1508 3551 1737 3614 testes
1787 3545 2107 3614 eandem
2157 3542 2382 3612 fldem
2429 3493 2825 3628 merentes,
2874 3541 2972 3611 ab
3009 3558 3150 3609 una

697 3649 1122 3736 eademque
1153 3654 1364 3736 parte
1395 3649 1754 3736 producti,
1791 3652 2155 3720 contraria
2193 3650 2498 3718 omnino
2525 3650 2923 3735 deponant,
2954 3665 3150 3734 regu-

698 3759 947 3828 lariter
993 3757 1171 3826 nihil
1219 3757 1560 3844 probant,
1610 3766 1971 3844 tanquam
2019 3763 2249 3827 testes
2295 3756 2716 3846 singulares
2763 3751 3148 3845 singulari-

702 3870 862 3939 tate,
886 3862 1288 3948 obstatiua,
1316 3882 1645 3951 quorum
1670 3864 1853 3933 alter
1886 3865 2190 3934 alterius
2221 3865 2501 3933 dictum
2535 3860 2923 3949 fidemque
2959 3879 3150 3931 ener-

703 3981 827 4042 vat
872 3982 944 4041 et
989 3969 1329 4059 infringit.
1380 3986 1390 3993 ·
2173 3961 2175 3963 ’

834 4137 852 4173 ¹
898 4137 1236 4196 Leurenius
1280 4145 1525 4213 qzoaest.
1578 4139 1735 4195 611.

829 4235 854 4272 2
896 4234 1064 4293 Idem
1110 4243 1359 4311 quaest.
1414 4236 1570 4293 607.

828 4333 852 4369 ³
898 4334 1017 4393 Sed
1066 4334 1203 4392 vide
1254 4334 1458 4393 varios
1501 4352 1678 4394 casus
1724 4336 1881 4413 apud
1911 4336 2282 4394 Leurenium
2316 4335 2471 4392 ibid.
2501 4352 2597 4410 qq.
2623 4332 2782 4393 605.
2809 4333 2970 4392 606.
2999 4331 3143 4389 608.

699 4431 800 4491 vel
843 4433 1032 4492 etiam
1078 4432 1508 4504 Reiffenstuel,
1559 4434 1613 4491 l.
1665 4435 1729 4493 C.
1787 4435 1857 4492 U.
1905 4435 2013 4495 lib.
2062 4434 2124 4491 2.
2175 4435 2267 4491 tit.
2319 4431 2430 4490 20.
2480 4432 2559 4490 de
2603 4433 2866 4490 testibus
2911 4440 2973 4490 et
3010 4437 3147 4488 atte-

699 4537 847 4588 παῖ.
894 4529 973 4604 ἐξ
1017 4530 1081 4588 8.
1135 4527 1194 4587 9.
1250 4529 1356 4587 10.
1417 4531 1521 4589 11.
1586 4530 1681 4588 12.

835 4628 858 4664 ⁴
901 4628 1049 4704 Gap.
1101 4629 1174 4684 ιή
1219 4635 1444 4686 nostra
1494 4628 1601 4697 32,
1644 4631 1723 4687 de
1768 4632 2030 4688 testibus
2075 4639 2136 4689 et
2175 4637 2454 4688 aete-stat.
