3509 5317
1393 519 1749 581 —401-

347 658 765 728 doctrinam
813 675 903 726 ac
946 657 1128 741 iuris
1173 656 1510 726 canonici
1542 656 1879 744 peritiam
1928 654 2186 743 fugere
2232 659 2492 741 potest,
2528 666 2798 742 quma]

349 767 442 835 sit
489 764 783 834 illorum
835 765 1271 852 opinionum
1322 763 1436 833 vel
1487 765 1942 852 perversitas
1991 763 2108 832 vel
2141 760 2448 833 fallacia.

486 871 701 953 Quod
750 872 948 940 enim
999 890 1131 941 eos
1178 871 1433 941 attinet
1466 872 1707 959 primo
1743 871 1908 941 loco
1958 876 2440 955 memoratos,
2488 881 2804 954 pot-suffer*

348 980 580 1050 missa
615 980 1053 1068 quaestione
1085 979 1203 1049 illa
1237 978 1358 1059 (de
1390 999 1536 1067 qua
1566 980 1741 1047 nihil
1778 979 2006 1049 modo
2047 984 2375 1049 statuere
2425 978 2672 1046 volum
2696 986 2804 1046 usi

348 1106 448 1156 an
498 1087 1044 1157 haereticorum
1095 1087 1435 1176 coniugia
1487 1105 1742 1157 coram
1800 1086 2135 1155 ministro
2183 1084 2589 1156 acatholica-2
2644 1106 2804 1150 mm-

352 1199 579 1264 tracta
642 1199 1113 1264 sacramenta
1178 1196 1341 1278 sint,
1392 1213 1533 1265 nec
1587 1213 1703 1282 ne,
1765 1195 1938 1264 illud
1990 1199 2187 1267 certe
2247 1191 2449 1281 quod
2500 1194 2587 1262 acl
2648 1214 2800 1258 rvtu

350 1302 661 1387 pertinet
707 1301 1183 1388 exploratum
1233 1309 1365 1387 est,
1399 1302 1792 1390 coniugale
1823 1301 2092 1372 foedus
2138 1321 2178 1370 a
2230 1301 2472 1388 prima
2520 1326 2652 1366 sur·
2716 1306 2804 1366 in*

348 1408 743 1494 stitutione,
792 1414 1194 1497 antequam
1246 1410 1344 1478 ad
1391 1411 1839 1480 sacramenti
1888 1410 2315 1497 dignitatem
2366 1408 2804 1482 ΘΙεεῑψκ-ιι-ι-*ιιιι-Ἰ

349 1515 602 1584 divino
650 1516 811 1584 iure
861 1515 1369 1585 indissolubile
1417 1534 1753 1603 prorsuS,
1808 1519 2408 1603 perpetuumque
2456 1518 2804 1586 extitisse.

350 1623 999 1711 quemadmodum
1038 1623 1337 1712 egregie
1385 1623 1841 1693 observasse
1888 1623 2146 1692 Patres
2180 1621 2540 1691 tridentini
2588 1626 2648 1686 iu
2692 1622 2808 1686 tlu-

351 1732 588 1801 ctrina
633 1731 726 1800 de
773 1737 1245 1802 sacramento
1297 1732 1742 1800 matrimonii
1777 1732 2095 1817 ipsemet
2140 1730 2580 1799 Benedictus
2640 1734 2808 1798 Klt'

352 1837 762 1906 luculenter
793 1837 1112 1906 ostendit
1147 1836 1188 1904 ¹.
1238 1840 1325 1907 Et
1361 1837 1521 1907 licet
1565 1838 1733 1907 talis
1775 1836 2385 1906 indissolubilitas
2435 1838 2806 1906 mem-inw-

353 1945 450 2013 nii
489 1944 784 2014 vinculo
817 1945 1212 2013 conveniat
1243 1944 1578 2014 maxime
1635 1948 2013 2032 quatenus
2068 1948 2182 2013 est
2224 1954 2808 2014 sacramentum,

353 2057 601 2122 tamen
654 2051 894 2122 eidem
945 2051 1164 2122 etiam
1214 2057 1589 2139 quatenus
1638 2059 1753 2121 est
1798 2059 2114 2121 naturae
2160 2050 2488 2133 officium
2540 2074 2808 2114 mum-2-

351 2160 472 2246 nit,
526 2163 605 2228 ut
650 2158 957 2228 dissolvi
1007 2177 1158 2227 non
1210 2159 1447 2246 possit
1482 2211 1496 2227 .
1534 2211 1548 2225 .
1586 2208 1650 2225 ..
1703 2165 1776 2228 et
1802 2158 2031 2244 prolis
2077 2157 2516 2227 educandae
2568 2162 2808 2222 elusim

353 2273 424 2335 et
469 2265 631 2335 aliis
693 2265 1134 2335 matrimonii
1201 2265 1417 2335 bonis
1474 2270 1864 2353 repugnat,
1926 2271 2007 2334 ut
2054 2264 2214 2333 eius
2277 2265 2656 2333 vinculum
2724 2270 2808 2334 :211

351 2374 805 2460 dissolubile,
856 2374 1500 2462 quemadmodum
1537 2375 2099 2444 cathechismus
2146 2372 2484 2443 eiusdem
2516 2378 2800 2442 [law-ilii

358 2481 723 2552 tridentini
769 2482 983 2550 iussu
1032 2482 1272 2551 editus
1317 2482 1610 2552 disertis
1660 2482 1912 2551 verbis
1957 2483 2113 2550 Nos
2161 2481 2421 2549 edocet
2454 2477 2500 2546 ².

493 2589 642 2658 Sed
690 2590 867 2677 quid
924 2589 1325 2659 dicendum
1377 2591 1515 2660 erit
1574 2590 1667 2659 de
1715 2590 2010 2659 illorum
2060 2589 2457 2673 sententia,
2508 2590 2628 2674 qui
2684 2610 2808 2674 1η]-

357 2700 516 2764 tant
561 2695 975 2766 haereticos
1007 2696 1380 2767 Ecclesiae
1414 2697 1706 2785 legibus
1739 2714 2219 2783 nequaquam
2270 2695 2544 2770 subiici,
2584 2706 2804 2778 :usp-w

356 2803 528 2873 inde
561 2821 787 2890 posse
818 2804 986 2873 illos
1018 2822 1219 2874 novo
1266 2804 1587 2889 coniugii
1618 2802 1921 2874 foedere
1970 2803 2325 2891 copulari,
2374 2802 2436 2870 si
2484 2806 2806 2890 primum

357 2909 700 2997 publicae
747 2911 1199 2981 auctoritatis
1246 2911 1513 2981 iudicio
1547 2909 1876 2981 solutum
1912 2908 2146 2992 fuerit,
2198 2914 2676 2996 praepostera
2724 2910 2812 2970 iu-

357 3017 645 3089 ferunt4
695 3021 1088 3090 Adversus
1137 3020 1336 3088 illam
1372 3020 1701 3090 clamant
1741 3021 2178 3107 scripturae,
2227 3016 2552 3094 concilia,
2612 3018 2816 3082 {rmil-

361 3127 455 3195 tio
503 3127 826 3216 denique
876 3127 1245 3198 universa.
1311 3127 1661 3195 Omnium
1698 3126 1933 3196 instar
1994 3127 2087 3195 sit
2147 3134 2644 3198 sacrosancta,
2708 3126 2812 3190 tri-

357 3234 655 3305 dentina
702 3235 1079 3324 Synodus,
1126 3254 1323 3323 quae
1368 3253 1558 3305 sess.
1609 3235 1808 3304 XIV.
1858 3234 2031 3322 Cap.
2065 3237 2151 3317 2.,
2202 3252 2353 3302 non
2404 3233 2808 3318 bapti-taturus

359 3361 403 3412 a
434 3341 821 3430 baptizatis
844 3342 1325 3431 distinguens,
1353 3341 1517 3411 illos
1542 3347 1829 3412 tantum
1863 3341 2238 3411 Ecclesiae
2263 3340 2548 3414 iudicio,
2588 3346 2816 3426 1ιπιιιιῑι

358 3447 606 3537 deque
653 3449 945 3536 legibus
991 3468 1142 3518 non
1190 3450 1454 3518 subiici
1500 3447 1869 3535 adfirmat,
1904 3468 2080 3519 cum
2114 3448 2540 3518 Ecclesiam
2600 3470 2660 3618 11
2680 3454 2820 3514 mi·

360 3574 532 3625 nem
584 3555 941 3625 iudicium
992 3563 1358 3642 exerceat,
1393 3556 1521 3644 qui
1554 3574 1704 3624 non
1756 3556 1967 3642 prius
2012 3555 2087 3623 in
2122 3555 2361 3642 ipsam
2412 3572 2544 3640 per
2600 3558 2680 3618 lm
2700 3558 2816 3638 111-

362 3663 508 3731 smi
557 3662 864 3732 ianuam
910 3662 1131 3733 fuerit
1183 3663 1593 3751 ingressus.
1642 3663 1718 3732 Si
1767 3662 2151 3750 baptizati,
2212 3679 2393 3748 ergo
2440 3662 2608 3730 Eat-l
2620 3666 2740 3726 si.-
2756 3682 2816 3722 w

364 3769 488 3838 filii
538 3769 1034 3857 (quamquam
1066 3770 1385 3840 rebelles
1416 3775 1489 3840 et
1519 3769 1977 3859 transfugae)
2026 3771 2154 3858 qui
2188 3769 2524 3840 eiusdem
2584 3774 2816 3834 lit-rw-

360 3878 514 3949 siae
566 3878 854 3966 legibus
900 3876 1414 3947 subiiciuntur.
1479 3879 1725 3959 Quare
1772 3897 1991 3947 suam
2044 3878 2116 3946 in
2167 3877 2331 3945 illos
2379 3882 2816 3964 potestatum

360 4003 718 4055 exercere
779 4004 1202 4074 numquam
1265 3987 1759 4074 praetermisit
1818 3986 2187 4073 Ecclesia,
2257 3991 2612 4074 potestffl=÷
2680 3990 2808 4050 silli

360 4092 710 4162 divinitus
761 4094 1042 4180 tradita,
1092 4093 1743 4181 quemadmodum
1776 4093 2076 4163 infinitis
2123 4098 2672 4182 propemodum
2728 4098 2816 4162 lii-

359 4201 765 4270 storiarum
815 4204 1323 4272 monumentis
1368 4205 1716 4271 testatum
1766 4207 1897 4288 est,
1949 4221 2040 4272 ac
2091 4201 2369 4270 idemet
2413 4201 2816 4270 Com-ilium

361 4305 840 4377 tridentinum
872 4326 1037 4392 ¹non
1090 4308 1316 4377 modo
1351 4308 1805 4378 novissimos
1836 4308 1932 4378 de
1982 4307 2474 4393 matrimoniO,
2508 4310 2816 4394 aium-112:

500 4539 520 4575 ¹
566 4537 706 4595 Lib.
751 4535 953 4595 XIII.
1004 4538 1163 4612 Cap.
1212 4537 1324 4595 22.

495 4636 521 4675 ²
564 4637 750 4696 Part.
794 4636 893 4695 II.
942 4638 1031 4696 De
1073 4638 1352 4696 Sacram.
1391 4639 1674 4698 matrim.
1727 4635 1887 4714 Cap.
1942 4633 2132 4694 VIII.
2181 4637 2219 4713 g
2261 4635 2325 4697 2.

523 4762 831 4806 naussum.
863 4763 936 4805 De
965 4764 1389 4814 Impeatmentis.
