3509 5317
720 500 879 558 ..17-

249 645 282 711 5.
305 642 364 710 Ex
388 640 587 710 bisantem
606 637 813 726 colligenda
830 656 875 708 ac
892 636 1054 708 notanda
1070 635 1309 723 potissimum
1325 642 1417 704 sunt

179 768 284 838 quae
306 752 528 835 sequuntur.
750 731 758 744 '

251 855 405 925 Primo:
429 854 633 924 incurritur
656 857 787 941 raptus
809 852 1132 939 impedimentum,
1150 850 1417 938 quamvismu-

181 962 251 1032 lier
274 963 319 1031 sit
341 966 528 1047 corrupta,
552 961 761 1047 inhonesta,
786 960 975 1030 meretrix.
1000 958 1105 1029 Ratio
1129 960 1293 1045 patetex
1309 959 1414 1025 textu

181 1087 231 1140 ac
252 1066 328 1137 ilne
351 1065 535 1138 decreti&

255 1173 448 1244 Secundo:
485 1174 766 1245 Matrimonium
804 1174 932 1244 valore
965 1176 1067 1241 caret
1100 1170 1275 1258 quamvis
1310 1124 1415 1257 rapta

185 1280 352 1352 mulier
344 1301 380 1349 m
404 1281 622 1369 coniugium
645 1281 760 1351 libere
784 1299 915 1351 revera
939 1278 1154 1364 consentiat,
1171 1295 1290 1365 quum
1307 1296 1416 1347 sacra
1448 1265 1450 1268 ’

184 1389 364 1476 Synodus
388 1389 514 1478 exigat
536 1389 677 1458 nedum
703 1387 860 1459 liberum
887 1391 1016 1474 raptae
1032 1403 1261 1454 consensum
1279 1384 1316 1452 in
1333 1402 1418 1453 oon·

183 1498 309 1587 iugale
335 1496 490 1586 foedus,
525 1499 592 1568 sed
620 1498 744 1568 etiarn.
764 1503 804 1566 ut
826 1496 936 1583 plene
970 1495 1085 1564 libera
1112 1495 1205 1563 sita
1240 1497 1417 1581 potestate

185 1606 347 1692 raptoris
378 1626 424 1676 ac
453 1613 627 1694 separata
652 1602 675 1672 ².
707 1606 751 1673 Et
781 1606 816 1673 in
842 1604 914 1674 hoo
937 1608 1147 1673 correctum
1176 1615 1234 1670 est
1263 1601 1321 1670 ius
1356 1620 1417 1670 an·

184 1711 343 1797 tiquum,
369 1711 403 1778 vi
428 1713 537 1781 cuius
561 1710 710 1781 valebat
733 1711 1014 1780 matrimonium
1031 1710 1160 1778 initum
1178 1709 1209 1777 si
1226 1714 1330 1796 rapta
1343 1708 1417 1777 sub

184 1823 367 1907 potestate
391 1820 550 1908 raptoris
573 1819 770 1890 constituta
795 1819 909 1889 libere
932 1818 1186 1888 consensisset
1208 1814 1230 1884 ⁸.

262 1926 407 1995 Tertio:
432 1929 515 1996 Non
540 1932 597 1997 est
630 1926 835 1997 invalidum
871 1924 1154 1995 matrimonium
1188 1922 1416 1992 celebratum

185 2053 276 2103 cum
293 2054 347 2121 ea,
364 2055 479 2123 quarn
497 2036 582 2124 quis
599 2034 658 2105 vel
673 2036 825 2104 invitam
843 2033 1008 2118 abduxit,
1026 2051 1101 2101 non
1118 2032 1270 2119 quidem
1291 2031 1417 2100 animo

185 2141 431 2262 contrahendi
455 2161 544 2211 cum
568 2161 611 2211 ea
635 2161 788 2212 sacrum
812 2140 1005 2317 coniugiit
997 2138 1139 2223 foedus,
1164 2139 1231 2208 sed
1262 2136 1333 2207 6116
1368 2156 1417 2206 ex

186 2355 262 2423 sub
285 2356 444 2443 raptoris
467 2363 649 2444 potestate
614 2357 806 2427 tconstit
809 2362 880 2442 uta,
917 2354 1074 2425 libere
1066 2373 1101 2424 m
1139 2351 1418 2423 matrimonium

185 2463 373 2532 consentit
396 2461 420 2531 ⁸.
456 2463 629 2534 Relatum
654 2465 752 2533 enirn
775 2462 926 2532 Concilii
953 2461 1145 2532 decretum
1174 2458 1332 2547 poenale
1365 2465 1422 2527 ost

187 2575 225 2639 et
247 2573 515 2641 correctorium
538 2572 630 2642 iuris
652 2571 889 2657 communis,
925 2588 970 2640 ao
1004 2568 1229 2640 matrimonii
1265 2567 1419 2636 libertati

187 2675 315 2748 favere
338 2679 493 2749 intendit
502 2699 512 2768 ;
536 2681 696 2768 ideoque
719 2680 864 2749 irritum
889 2678 1041 2766 quidem
1077 2675 1197 2745 reddit
1231 2674 1420 2744 matrimo-

188 2786 294 2855 nium
319 2807 369 2858 ex
393 2794 502 2876 raptu
525 2792 756 2872 attentatum,
782 2793 820 2856 at
842 2804 918 2855 non
936 2785 1149 2855 extenditur
1165 2783 1212 2853 ad
1230 2787 1420 2869 raptorem

187 2912 240 2963 ex
262 2912 378 2964 causa
403 2893 571 2964 libidinis.
594 2931 617 2945 -
640 2896 698 2964 Ex
721 2894 826 2964 dictis
850 2898 976 2964 tamen
1002 2891 1242 2962 statuendum
1265 2890 1420 2976 videtur,

188 2999 366 3076 sufficere
382 3003 430 3072 ad
448 3003 520 3072 hoc
543 3003 865 3091 impedimentum,
890 3001 991 3089 quod
1018 3000 1151 3069 mulier
1173 3017 1292 3069 eausa
1313 2997 1423 3067 libidi·
1446 2991 1449 2998 “

187 3109 250 3176 nis
275 3115 420 3179 tantum
444 3116 560 3197 rapta,
585 3110 670 3179 dein
694 3130 716 3180 a
741 3114 891 3197 ruptore
922 3110 955 3176 vi
992 3109 1199 3178 detineatur
1235 3106 1421 3176 matrimo-

188 3216 239 3284 nii
263 3235 352 3286 cum
375 3237 417 3288 ea
444 3217 686 3288 contrahendi
710 3236 836 3289 causa.
861 3217 927 3285 llla
950 3217 1048 3286 enim
1074 3216 1233 3286 detentio
1264 3234 1314 3283 ex
1349 3215 1421 3283 hoc

188 3320 276 3410 fine„
290 3324 520 3412 inquantum
535 3325 720 3394 constituit
733 3325 943 3393 violentiam
958 3329 994 3394 et
1006 3324 1280 3408 abductionem,
1291 3325 1421 3408 raptus

187 3431 333 3499 crimen
357 3436 414 3502 est
436 3452 486 3501 ex
508 3450 624 3503 causa
650 3431 875 3502 matrimonii
901 3430 922 3497 ⁵.

257 3540 289 3607 6.
317 3540 485 3617 Quarto:
509 3540 772 3628 inquirendum
797 3559 845 3609 an
869 3540 1082 3607 incurratur
1112 3535 1421 3623 impedimentum

189 3652 322 3731 raptus
344 3646 436 3715 dum
460 3645 598 3716 femina
622 3647 658 3714 in
683 3647 742 3716 sui
764 3646 1027 3717 abductionem
1052 3642 1242 3713 consentit.

259 3753 317 3821 Ad
341 3754 594 3824 recensendas
617 3754 652 3822 in
678 3754 749 3823 bac
771 3752 929 3823 salebris
953 3752 1062 3839 plena
1079 3749 1299 3839 quaestione
1320 3746 1424 3816 iuris·

261 3932 432 3993 ¹Sanohez
456 3934 476 3992 1.
500 3951 527 3992 6.
552 3951 586 3992 6.
615 3932 667 3991 14.
691 3932 807 4010 aliique
828 3934 937 3993 contra
958 3932 1127 3990 Beokman.

259 4029 477 4091 ”Sanchezt
501 4049 529 4090 6.
553 4050 588 4090 6.
614 4030 869 4108 7;-1³i1·hing.
896 4031 917 4089 1.
941 4046 968 4088 6.
994 4047 1028 4094 6.
1058 4026 1198 4088 recum
1219 4028 1383 4088 communi.

261 4127 1100 4208 8Β6111666611661).6666661666,(16666161.6.4

259 4227 343 4289 ⁴Ita
362 4228 554 4306 probabilius
580 4228 718 4289 Sanohez
740 4228 824 4304 disp.
855 4227 908 4287 13.
932 4244 994 4285 66.
1018 4223 1166 4294 2-4,·-
1187 4224 1367 4302 Pirbingt.
1394 4243 1422 4282 6.

190 4322 1423 4403 6.22;0661·6ι1.166666161166666.666661111.7.6.6,6111666611

190 4440 213 4482 6
234 4423 388 4485 Lemonia
411 4426 464 4484 tib.
489 4425 522 4484 4.
546 4428 593 4484 tit.
619 4423 653 4484 2.
677 4431 802 4500 quaest.
831 4423 907 4483 122.
933 4443 968 4482 6.
994 4422 1026 4482 5.
1051 4424 1160 4482 contra
1182 4421 1272 4481 alios.

262 4521 460 4584 δ1161161116
481 4524 520 4584 de
541 4524 688 4599 dispens.
711 4525 859 4582 matrim.
883 4523 936 4581 111.
956 4520 987 4580 4.
1006 4537 1034 4580 6.
1058 4519 1105 4588 6.;
1125 4523 1158 4580 61
1178 4537 1217 4579 ex
1239 4536 1274 4578 66
1298 4517 1427 4580 Krimer

191 4623 229 4681 et
248 4619 420 4682 Laureolus
443 4621 464 4679 1.
487 4639 514 4681 6.
1062 4599 1076 4616 ”

249 4751 402 4797 Minima.
419 4753 455 4797 De
468 4754 679 4806 Impedtmenttr.
1361 4746 1375 4788 2
