3509 5317
695 412 979 541 ιιι-2334,

211 621 399 690 asserenti
425 638 466 688 se
481 621 668 708 cognitam
685 619 802 690 fuisse
818 618 915 689 tides
936 619 1160 708 praestanda
1186 638 1261 687 non
1286 626 1343 689 est
1357 636 1447 687 cum

212 728 359 798 solidae
373 729 613 815 probationes
629 730 838 800 contrariae
853 729 901 798 de
917 728 1114 798 mendacio
1131 734 1168 797 et
1180 728 1344 816 periurio
1361 746 1444 797 eam

211 837 458 922 redarguant.
791 923 794 927 ,
921 830 923 835 ⁴

283 946 320 1012 3⁰
344 946 381 1013 Si
396 945 558 1033 denique
582 945 785 1032 coniugum
800 945 1052 1032 depositiones
1075 951 1164 1015 sunt
1182 943 1386 1032 discordes,
1403 964 1448 1017 ac

210 1056 409 1138 praeterea
440 1053 680 1140 probationes
710 1052 887 1122 collectae
915 1072 965 1122 ex
995 1051 1123 1121 iuratis
1153 1052 1447 1138 depositionibus

210 1159 469 1245 obstetricum,
494 1163 751 1230 matronarum
777 1166 813 1229 et
835 1160 1016 1247 septimae
1033 1178 1171 1228 manus
1195 1157 1367 1229 infirmae
1388 1158 1448 1229 de

209 1268 515 1354 prehendantur,
540 1286 615 1335 non
639 1267 855 1337 conceditur
885 1268 1113 1354 dispensatio
1143 1265 1343 1335 affirmanti
1374 1267 1447 1335 sub

208 1374 428 1443 iuramento
451 1394 527 1444 non
543 1372 660 1444 tuisse
683 1379 991 1444 consummatum
1010 1374 1302 1444 matrimonium.
1319 1373 1449 1443 Obstat

209 1483 317 1551 enim
329 1484 583 1570 praesumptio
601 1483 701 1567 iuris,
718 1482 818 1569 quod
832 1502 971 1569 nempe
983 1483 1197 1569 usquedum
1215 1484 1445 1552 contrarium

208 1609 293 1658 non
310 1595 455 1660 constet
470 1591 640 1678 legitimis
656 1609 701 1661 ac
716 1590 846 1659 solidis
861 1589 1153 1678 probationibus,
1171 1589 1202 1658 ei
1221 1589 1445 1677 praestanda

211 1702 277 1765 est
299 1695 394 1766 tides
418 1698 480 1785 qui
510 1698 721 1767 iuramento
745 1702 901 1766 testatur
929 1702 1237 1766 consummatum
1263 1716 1347 1766 esse
1372 1715 1448 1765 ma·

210 1803 433 1872 trimonium
454 1803 475 1871 ¹.
1293 1818 1295 1823 ·

285 1912 321 1980 4ο
346 1911 535 1981 Secundo:
553 1913 610 1981 De
620 1910 842 2003 probatione
854 1930 925 2001 per
942 1917 1052 1981 testes
1068 1911 1249 2003 septimae
1265 1932 1412 1982 manae.
1425 1951 1448 1962 -

208 2016 307 2088 Post
331 2021 487 2088 iuratam
505 2021 710 2108 coniugum
726 2021 1008 2106 depositionem,
1025 2021 1072 2090 ad
1091 2038 1252 2089 examen
1276 2019 1447 2089 iudiciale

211 2128 378 2197 vocandi
402 2135 491 2197 sunt
513 2134 635 2213 testes,
660 2130 723 2216 qui
747 2128 880 2197 saltent
906 2126 1207 2216 quattrordeet'm,
1234 2130 1265 2196 si
1289 2127 1368 2198 tieri
1387 2148 1449 2215 po·

210 2241 298 2319 test,
322 2256 408 2306 esse
431 2236 577 2322 debent,
602 2242 747 2322 septem
772 2254 909 2323 nempe
933 2255 983 2305 ex
1006 2236 1296 2322 consanguineis
1320 2236 1378 2305 vel
1400 2235 1449 2306 af·

209 2342 356 2413 tinibus
381 2344 457 2427 viri,
484 2343 710 2430 totidemque
728 2343 905 2429 mulieris,
922 2349 997 2413 -et
1019 2343 1278 2413 deficientibus
1302 2345 1448 2431 propin·

210 2454 313 2542 quis,
338 2453 504 2541 suppleri
528 2458 686 2539 possunt
711 2453 906 2522 viciniores
922 2453 1045 2523 bonae
1061 2450 1196 2533 famae,
1220 2453 1360 2540 qnippe
1383 2453 1446 2540 qui

209 2568 304 2648 post
328 2556 586 2648 proquinquos
610 2560 732 2648 magis
751 2561 918 2628 instructi
943 2566 1146 2629 censentur
1161 2559 1209 2628 de
1226 2560 1340 2628 rebus
1364 2578 1448 2628 eon·

210 2670 359 2755 iugum.
385 2669 567 2749 Quamvis
589 2685 702 2754 porro
731 2668 984 2736 testimonium
1013 2668 1195 2754 septimae
1229 2686 1366 2737 manus
1396 2687 1448 2736 re

210 2774 387 2861 quiratur
410 2776 446 2842 in
470 2773 579 2844 iure²
603 2794 647 2843 ea
672 2775 908 2861 potissimum
935 2776 1084 2858 ratione,
1103 2775 1152 2843 uti
1167 2776 1202 2843 in
1219 2777 1347 2845 causis
1371 2776 1449 2844 nal·

210 2881 334 2950 litatis
359 2882 581 2953 matrimonii
599 2902 649 2952 ex
665 2881 785 2968 eapite
802 2881 1048 2969 impotentiae,
1067 2881 1214 2969 penitus
1234 2883 1448 2953 eliminetur

127 3000 134 3015 ¹
211 2991 381 3076 suspicio
398 2990 616 3059 collusionis
633 2990 725 3058 inter
740 2991 931 3077 coniuges
949 2994 1073 3059 tamen
1099 3009 1149 3060 ex
1173 2991 1327 3077 paritate
1345 2990 1448 3059 ratio

209 3098 276 3167 nis
292 3098 488 3185 requiritur
505 3099 614 3166 etiam
634 3099 668 3164 in
694 3098 820 3167 causis
836 3094 1127 3186 dispensationis
1143 3099 1191 3167 ad
1208 3097 1445 3184 probandam

209 3225 292 3275 non
305 3212 471 3275 secutam
487 3205 710 3274 matrimonii
727 3206 1104 3275 consummationem.
1122 3207 1202 3274 Hoc
1216 3211 1343 3276 autem
1361 3224 1448 3275 con·

209 3312 388 3382 firmatur
411 3332 460 3383 ex
496 3312 711 3382 Varsauien.
731 3315 772 3382 16
789 3313 875 3383 iunii
902 3315 1000 3383 teet.
1018 3314 1162 3382 Etenim
1187 3314 1236 3383 ab
1259 3315 1447 3402 Arcbiepi·

210 3440 332 3507 scopo
357 3421 598 3490 Varsaviensi
623 3421 748 3489 oblata
770 3418 922 3489 fuerunt
946 3420 980 3490 S.
999 3421 1035 3489 C.
1054 3421 1090 3489 C.
1117 3420 1304 3507 quaedam
1330 3421 1443 3491 dubia

211 3529 313 3598 circa
337 3547 561 3615 processum
583 3526 858 3596 conficiendum
886 3530 920 3595 in
946 3529 1071 3596 causis
1097 3528 1445 3615 matrimonialibus,

212 3636 423 3723 interquae
447 3634 657 3703 illuderet:
685 3657 702 3697 «
727 3638 783 3702 An
816 3636 852 3701 in
877 3635 1004 3703 causis
1027 3626 1447 3703 nullitatis'matrimonii

212 3762 265 3812 ex
277 3761 517 3831 quocumque
529 3743 632 3812 titulo
649 3761 776 3812 coram
794 3744 916 3812 iudice
932 3742 1109 3829 spirituaii
1126 3743 1272 3831 agitatis
1288 3762 1445 3813 necesse

212 3851 262 3919 sit
284 3850 436 3937 exigere
468 3856 507 3920 ut
535 3854 649 3920 testes
679 3849 859 3939 septimae
888 3869 1025 3920 inaniis
1058 3853 1326 3939 producantur;
1350 3873 1444 3922 -an

212 3976 305 4027 vero
330 3958 366 4026 id
390 3958 426 4025 in
450 3958 541 4025 solis
563 3957 691 4026 causis
715 3977 764 4026 ex
779 3959 899 4044 capite
923 3959 1161 4044 impotentiae
1185 3960 1370 4029 devolutis
1386 3962 1448 4030 ob

211 4067 457 4153 servandum,
474 4067 509 4134 in
527 4067 659 4135 ceteris
675 4072 799 4135 autem
819 4066 994 4135 omnibus
1012 4068 1252 4152 praetermitti
1275 4071 1445 4155 possiti»

210 4215 236 4224 -
259 4178 295 4246 S.
321 4176 357 4245 C.
382 4175 418 4245 C.
445 4194 485 4244 re
508 4175 715 4260 disceptata
738 4174 798 4242 die
827 4175 870 4242 16
895 4175 981 4245 iunii
1006 4175 1111 4262 teet,
1137 4174 1444 4263 respondendum

280 4404 289 4441 ¹
313 4403 387 4478 Cap.
411 4400 651 4467 continebatur,
673 4400 713 4458 de
734 4400 884 4474 despotia.
910 4400 1032 4474 impul).

279 4502 389 4578 ‘²Gap.
425 4502 552 4557 litterae
583 4505 718 4565 vestrae,
745 4503 779 4558 et
818 4516 885 4575 cap.
922 4497 1137 4564 laudabilem,
1174 4499 1213 4557 de
1254 4499 1395 4577 ἴνίρίάίεΙ
1419 4507 1451 4556 et

212 4600 328 4673 males.
