3509 5317
692 526 730 539 ..
752 492 813 552 273
834 527 872 541 ..

233 631 353 700 Testis
376 635 431 699 est
455 629 773 700 luculentissimus
797 637 833 701 et
852 632 955 700 omni
972 632 1189 720 exceptione
1206 632 1327 700 maior
1344 631 1398 700 lu·

168 736 239 806 lius
263 736 452 823 parochus
486 736 641 806 civitatis
670 738 714 806 N.
740 739 787 807 ad
811 757 842 808 s.
859 738 1069 823 Laurentii,
1093 738 1156 827 qui
1181 738 1228 807 de
1259 740 1396 807 horum

167 843 369 931 coniugum
395 843 580 939 domicilio
603 844 684 914 tum
709 844 788 913 iure
811 849 892 915 tum
917 842 1014 914 laeto
1045 849 1188 932 poterat
1221 846 1399 915 authenti·

167 966 251 1018 cum
278 949 444 1037 prolerre
469 950 732 1036 testimonium,
757 956 936 1039 tanquam
967 951 1144 1038 proprius
1173 971 1195 1021 0
1226 952 1396 1039 pluribus

166 1057 274 1126 annis
297 1075 429 1127 eorum
456 1057 654 1144 parochus.
680 1058 747 1131 Hic
770 1059 894 1146 itaque
917 1058 1131 1128 iudicialiter
1155 1063 1309 1147 rogatus
1345 1077 1397 1128 re·

167 1162 236 1233 late
260 1164 309 1232 ad
335 1181 468 1232 eorum
487 1164 716 1234 domicilium
734 1167 769 1232 in
786 1183 856 1235 sua
874 1165 1061 1253 parochia,
1079 1166 1247 1253 deponit:
1274 1165 1395 1236 «Gaia

169 1268 221 1338 «ἑ
244 1274 350 1339 stuta
373 1269 448 1340 mia
472 1268 753 1359 parroechiuna
777 1290 844 1358 per
867 1272 964 1342 circa
989 1277 1064 1341 otto
1089 1273 1175 1343 anni
1201 1271 1322 1344 elluo
1346 1272 1396 1343 al·

167 1375 259 1446 ‹1’8
285 1378 578 1466 maggio'pross.
603 1397 702 1465 pass.
737 1378 800 1461 (ita
828 1379 1052 1466 loquebatur
1082 1378 1397 1449 101100010410·

168 1486 248 1553 «nii
276 1484 386 1570 1869).
413 1484 451 1552 ln
477 1485 525 1554 tal
548 1504 664 1572 epooa
688 1505 809 1555 uoeou
832 1484 870 1555 in
893 1486 970 1571 mia
1003 1484 1230 1576 parroechia
1253 1483 1280 1554 it
1305 1503 1393 1555 uero

168 1591 394 1662 «domicello.
418 1628 441 1639 -
464 1593 562 1661 Tizio
586 1593 637 1662 ha
660 1591 804 1663 abieoto
827 1593 949 1663 alcuni
974 1594 1062 1663 anni
1086 1612 1219 1681 presso
1251 1593 1287 1662 la
1321 1611 1397 1662 me·

168 1699 346 1769 ‹desima
373 1700 410 1768 in
434 1700 492 1769 via
518 1719 547 1767 s.
565 1701 733 1769 Lorenzo
757 1719 792 1767 n.
808 1702 841 1769 4.
866 1700 970 1788 Negti
995 1701 1082 1770 anni
1106 1720 1220 1788 sopra
1237 1702 1394 1780 indicati,

168 1827 222 1876 «e
245 1806 347 1877 eirea
371 1806 437 1877 dol
461 1810 555 1878 1860
577 1805 617 1876 ul
640 1810 734 1877 1864
756 1827 824 1877 eru
848 1807 1073 1878 dossinnnte
1094 1828 1228 1898 presso
1251 1807 1396 1878 10000-

169 1913 322 2000 «cletta,
349 1914 395 1985 ed
418 1912 468 1983 iot
490 1934 611 1984 coena
633 1911 660 1983 il
683 1934 751 1984 suo
775 1912 993 1986 dondeilio»
1027 1917 1161 2002 (Actor.
1185 1915 1245 1987 sol.
1271 1919 1326 1987 34.
1352 1920 1395 1987 R.

166 2023 211 2092 ad
234 2024 371 2109 2-3-4).
396 2025 506 2110 Atqui
531 2024 812 2092 matrimonium
837 2028 1057 2094 attentatum
1081 2022 1147 2093 luit
1170 2043 1269 2093 anno
1295 2027 1392 2113 1863,

166 2149 239 2218 quo
264 2131 378 2202 ambo
403 2131 664 2201 contrahentes
687 2131 915 2200 domicilium
941 2132 1129 2201 habehant
1152 2132 1188 2199 in
1218 2126 1417 2218 parochia

166 2244 201 2307 et
223 2237 286 2305 via
308 2255 338 2306 s.
356 2238 542 2307 Laurentii
566 2257 601 2305 n.
615 2240 648 2307 4.
671 2273 693 2288 -
719 2238 880 2308 Ulterius
904 2241 1152 2326 interrogatus
1176 2257 1287 2327 aneo
1308 2247 1396 2308 tem·

166 2345 270 2431 poris
293 2344 392 2414 aliud
425 2344 509 2413 alihi
541 2330 803 2414 contrahentes
838 2346 1036 2414 habuerint
1071 2345 1299 2415 domicilium
1338 2345 1394 2415 vel

166 2452 525 2539 quasi-domicilium
550 2458 614 2522 aut
636 2452 830 2539 proprium
848 2456 913 2521 aut
929 2471 1045 2540 penes
1060 2470 1164 2538 suos,
1183 2452 1393 2540 respondit:

167 2559 242 2627 ‹ln
267 2563 408 2646 quanto
431 2577 456 2627 a
478 2559 577 2628 Tizio
601 2560 635 2628 io
659 2578 735 2628 non
760 2577 803 2628 so
827 2560 898 2628 che
922 2577 1057 2629 avesse
1081 2558 1173 2628 altro
1210 2558 1394 2627 domicilio

167 2686 224 2736 «o
248 2666 577 2755 quasi-domicilio.
601 2705 623 2749 ,-
647 2668 686 2736 10
712 2673 851 2756 quanto
875 2668 936 2754 poi
960 2687 982 2737 0
1007 2667 1094 2736 Caio
1114 2666 1206 2735 oltre
1222 2666 1291 2735 che
1307 2684 1393 2735 essa

167 2775 262 2843 «nel
286 2779 412 2861 tempo
436 2775 506 2843 che
531 2774 578 2843 ha
601 2775 739 2844 abitato
763 2776 798 2843 in
824 2774 898 2844 mia
924 2774 1154 2861 parroechia,
1172 2790 1246 2840 non
1271 2790 1391 2843 aveva

169 2885 264 2969 ‹pih
290 2880 337 2951 ne
360 2884 493 2970 padre,
519 2881 566 2950 ne
591 2884 740 2968 madre,
765 2881 813 2951 ne
836 2881 975 2968 fratelli,
1000 2882 1070 2951 che
1093 2881 1128 2949 io
1153 2880 1305 2968 sappia,
1330 2898 1394 2949 era

169 2990 322 3057 «anche
347 2986 502 3073 oedoou,
529 3007 549 3056 e
568 2986 704 3076 'quiade'
724 2987 797 3057 ello
812 2987 954 3077 soceoo
978 2986 1028 3057 010
1052 2985 1092 3056 se
1108 2985 1135 3054 il
1156 2984 1314 3083 proprio
1333 2983 1394 3054 do

168 3094 369 3165 «micitia»
395 3096 492 3182 (ibid.
516 3096 565 3166 ad
589 3097 640 3180 5):
665 3097 766 3183 quod
798 3103 833 3166 et
866 3098 969 3166 testis
995 3095 1139 3166 Tullius
1163 3093 1396 3165 animadver-

166 3206 269 3271 terat.
293 3202 461 3272 Tandem
486 3202 700 3289 praedictus
725 3203 913 3289 parochus
929 3220 1091 3273 examen
1108 3200 1258 3288 explicit
1278 3199 1396 3270 decla·

167 3326 265 3393 rans,
290 3327 331 3377 se
355 3327 551 3397 nunquam
575 3307 690 3380 luisse
715 3316 889 3399 rogatum
915 3315 954 3379 ut
977 3311 1063 3379 huic
1085 3309 1323 3378 matrimonio
1340 3326 1395 3377 as·

166 3417 310 3487 sisteret
320 3436 329 3504 ;
354 3454 376 3467 -
399 3435 468 3485 nec
492 3417 611 3487 ullum
645 3438 810 3507 unquam
848 3417 1045 3505 delegasse
1080 3417 1313 3486 sacerdotem
1345 3416 1392 3485 ad

167 3523 263 3594 hanc
293 3525 542 3596 assistentiam
579 3544 647 3611 pro
683 3545 724 3594 se
760 3524 1026 3612 praestandam
1061 3524 1158 3609 (ibid.
1184 3523 1243 3594 fol.
1269 3527 1325 3594 35.
1350 3527 1393 3594 R.

166 3633 210 3700 ad
235 3631 332 3718 7-8);
357 3666 378 3679 -
402 3648 663 3718 necunquam
688 3631 898 3719 praedictos
921 3632 1184 3701 contrahentes
1205 3650 1333 3701 coram
1351 3651 1393 3702 se

165 3740 329 3824 stetisse,
356 3752 396 3807 ut
418 3738 466 3807 ad
490 3739 761 3827 praescriptum
788 3739 1005 3808 tridentinae
1040 3738 1180 3825 Synodi
1218 3743 1392 3806 mutuum

166 3864 394 3916 consensum
418 3848 465 3916 de
489 3849 674 3935 praesenti
709 3854 943 3935 praestarent
974 3846 1022 3916 ad
1052 3846 1172 3916 valide
1207 3845 1394 3916 matrimo
1512 3913 1515 3917 ,

166 3956 269 4024 nium
292 3956 498 4025 ineundum
524 3955 620 4040 (ibid.
646 3955 774 4025 10137.
801 3945 843 4025 R.
868 3956 916 4024 ad
941 3956 1007 4039 11).

229 4065 284 4133 34.
309 4065 366 4133 Ex
390 4063 447 4132 his
471 4063 645 4132 omnihus
669 4078 747 4133 tum
773 4063 988 4151 coniugum,
1013 4067 1093 4131 tum
1118 4062 1267 4130 testium
1283 4061 1395 4148 depo

166 4168 357 4240 sitionihus
380 4171 577 4240 iuramenti
601 4170 776 4258 religione
799 4171 916 4240 semel
941 4170 1152 4256 iterumque
1167 4166 1325 4238 firmatis
1343 4168 1394 4237 lu·-

166 4277 413 4348 culentlssime
437 4283 603 4347 constat:

230 4387 275 4453 1⁰.
299 4386 426 4455 Caium
451 4386 665 4473 suscepisse
689 4386 841 4473 quidem
866 4386 962 4454 vitae
988 4384 1191 4471 primordia
1217 4384 1252 4452 in
1278 4385 1390 4455 rurali

167 4495 335 4580 parochia
362 4512 392 4562 0.
409 4494 593 4562 Francisci
607 4513 616 4579 ;
641 4500 677 4562 at
702 4493 924 4563 matrimonii
952 4498 1130 4578 tempore,
1147 4491 1263 4560 immo
1282 4491 1391 4581 longe
1495 4528 1498 4533 <

168 4599 267 4683 prius
290 4598 427 4668 ihidem
451 4599 679 4668 domicilium
704 4600 806 4668 nullo
830 4608 940 4686 pacto
965 4598 1160 4668 hahuisse·
1181 4600 1292 4686 Atqui
1316 4599 1391 4670 iam

243 4742 394 4785 1110000011.
411 4742 447 4784 De
461 4742 671 4792 mpedimento.
1314 4743 1339 4785 13
