3509 5317
1791 511 2148 572 ..102-

749 654 889 721 mis
939 651 1418 721 Pontificibus
1464 671 2024 738 concessarum,
2078 658 2156 721 ut
2201 670 2398 739 quae
2444 650 2542 719 ab
2590 646 3022 718 Alexandro
3070 647 3196 714 Vll

747 761 1105 849 impertita
1159 759 1291 829 fuit
1314 760 1668 829 Babilano
1697 759 2148 829 Pallavicino
2182 774 2255 827 et.
2291 761 2554 827 Annae
2590 757 2869 824 Mariae
2904 753 3197 837 pinella,

746 868 1089 955 personis
1140 867 1354 936 valde
1401 867 1776 937 nobilibus
1825 866 2273 953 reipublicae
2322 864 2725 949 ianuensiS,
2763 869 2842 932 ut
2874 868 3076 949 patet
3106 879 3200 929 ex

748 977 960 1044 Brevi
1011 976 1129 1044 die
1174 978 1216 1043 2
1265 975 1689 1044 decembris
1739 977 1914 1044 1662
1964 974 2312 1062 expedito
2341 972 2385 1040 ¹.

883 1083 1284 1153 Graviores
1316 1084 1534 1177 etjam
1562 1083 2044 1169 probationes
2078 1082 2217 1169 peti
2257 1090 2574 1168 possunt
2601 1099 2700 1148 ex
2724 1079 2977 1149 causis
3008 1076 3201 1146 unde

746 1196 1199 1276 promanant
1245 1190 1436 1259 odia.
1485 1190 1556 1259 Si
1608 1191 1807 1258 enim
1857 1190 1994 1259 ista
2056 1201 2306 1258 ortum
2379 1188 2658 1257 habent
2713 1205 2813 1255 ex
2873 1187 3037 1272 ipsa
3087 1183 3202 1252 lite

745 1315 975 1383 super
1025 1297 1471 1368 matrimonii
1519 1297 1869 1380 nullitate,
1918 1315 2403 1385 quocumque
2452 1316 2549 1364 ex
2596 1295 2833 1380 capite
2881 1292 3198 1360 instituta

748 1405 815 1471 in
867 1404 1086 1472 cuius
1135 1422 1494 1490 processu
1546 1405 1729 1475 alter
1776 1404 2080 1473 alterius
2127 1402 2405 1474 famam
2460 1403 2688 1486 laesit,
2738 1398 3206 1470 existimatio-

748 1528 920 1578 nem
972 1509 1296 1595 offendit,
1347 1512 1813 1581 contumeliis
1873 1510 2143 1597 affecit,
2207 1511 2371 1579 odia
2439 1529 2670 1597 saepe
2735 1507 2935 1578 haud
2998 1505 3205 1576 facile

749 1636 886 1686 nec
915 1637 1248 1704 unquam
1271 1619 1453 1687 satis
1485 1618 1819 1706 extingui
1849 1623 2181 1705 possunt.
2213 1619 2337 1702 Ita,
2368 1625 2445 1685 ut
2473 1618 2659 1686 inter
2686 1617 2922 1703 plura,
2960 1631 3210 1683 exem·

751 1724 955 1810 plum
1007 1723 1342 1811 afferam,
1395 1726 1589 1795 hanc
1634 1745 1947 1796 causam
2000 1727 2070 1792 in
2107 1726 2438 1794 terminis
2463 1724 2781 1809 admisit,
2809 1742 2909 1792 ex
2932 1722 3005 1792 S.
3033 1722 3107 1790 C.
3134 1720 3204 1789 C.

749 1832 1074 1918 consilio,
1122 1833 1483 1903 ‚Urbanus
1530 1835 1693 1902 Vlll
1747 1835 1815 1902 in
1866 1852 2097 1903 causa
2148 1832 2726 1919 dispensationis
2771 1849 3003 1918 super
3063 1848 3207 1896 ma·

750 1940 1093 2008 trimonio
1143 1948 1322 2027 rate,
1373 1943 1571 2029 quod
1625 1949 2102 2030 contraxerat
2149 1942 2420 2010 Blanca
2488 1941 2770 2010 Suarez
2816 1957 2996 2007 cum
3047 1936 3209 2005 Hia-

749 2053 970 2134 cynto
1023 2050 1325 2117 Remos.
1376 2049 1455 2117 In
1506 2051 1720 2118 Brevi
1769 2052 1963 2118 enim
2026 2048 2599 2135 dispensationis
2668 2048 2971 2135 legitur:
3036 2068 3073 2109 (ε
3108 2046 3211 2114 Li-

755 2159 974 2223 «tem
1023 2163 1451 2225 et‘causam
1504 2175 1734 2243 super
1782 2156 2111 2226 nullitate
2141 2175 2278 2225 seu
2307 2155 2752 2225 invaliditate
2778 2154 3207 2224 huiusmodi

753 2283 791 2323 «
825 2263 1268 2331 matrimonii
1318 2270 1575 2334 contra
1625 2266 1875 2351 ipsum
1927 2265 2377 2352 Hiacyntum
2412 2282 2668 2333 coram
2708 2263 2978 2332 eodem
3012 2261 3210 2330 Ordi-

753 2390 790 2431 (ε
824 2370 1032 2438 nario
1081 2389 1215 2439 seu
1265 2371 1409 2440 alio
1458 2372 1697 2440 iudice
1743 2376 2211 2458 competente
2261 2370 2777 2456 introductam,
2813 2376 2877 2438 et
2921 2389 3100 2438 cum
3139 2370 3203 2436 in

755 2498 791 2538 «
823 2477 1346 2563 prosecutione
1396 2478 1535 2547 litis
1582 2486 1655 2547 et
1701 2498 1978 2548 causae
2027 2478 2456 2548 huiusmodi
2506 2480 2789 2549 ratione
2848 2479 3203 2565 praemis·

754 2604 791 2645 (ε
823 2602 1087 2652 sorum
1133 2588 1391 2673 gravia
1441 2586 1614 2654 odia
1659 2594 1733 2655 et
1779 2587 2194 2656 inimicitiae
2257 2593 2463 2655 ortae
2508 2586 2655 2655 sint
2701 2591 2899 2655 etc.»
2938 2583 2986 2650 ².

883 2691 1063 2759 Item
1115 2693 1414 2779 probari
1462 2699 1733 2781 potest,
1784 2692 2151 2764 difficilius
2209 2693 2465 2763 odium
2525 2695 2856 2782 extingui
2919 2695 3209 2780 quoties

749 2796 1102 2868 fundatur
1151 2799 1221 2866 in
1270 2799 1696 2887 disparitate
1745 2801 2045 2870 notabili
2080 2800 2519 2888 qualitatum
2572 2800 2986 2887 nobilitatis,
3022 2799 3210 2869 insti-

751 2908 1067 2991 tutionis,
1138 2909 1444 2995 pietatiS,
1517 2909 1774 2978 aetatis
1823 2911 1941 2978 vel
2006 2910 2228 2978 etiam
2279 2909 2723 2994 divitiarum,
2771 2927 3006 2995 super
3060 2925 3208 2996 quo

751 3016 895 3082 DD.
930 3033 1198 3084 omnes
1244 3017 1722 3085 concordant.
1773 3018 1861 3084 Et
1907 3035 1997 3085 eo
2049 3017 2524 3103 potissimum
2576 3017 2638 3084 si
2705 3022 2991 3085 tantum
3047 3019 3214 3102 post

751 3122 967 3192 initas
1015 3123 1314 3209 nuptias
1361 3124 1674 3193 innotuit
1717 3125 2013 3212 coniugi
2060 3124 2517 3193 dissentienti
2566 3123 2963 3210 disparitas
3002 3121 3212 3191 valde

749 3230 1002 3318 gravis
1046 3248 1221 3311 cum
1270 3231 1503 3300 altero
1550 3231 2042 3318 intercedenS,
2090 3232 2282 3302 adeo
2343 3238 2421 3300 ut
2476 3229 2902 3299 difficillime
2973 3231 3214 3298 matri·

753 3339 1004 3406 monio
1053 3338 1377 3407 ineundo
1426 3340 1954 3423 consensisset,
2003 3340 2065 3408 si
2115 3340 2253 3426 ipsi
2302 3358 2452 3407 non
2501 3337 2762 3407 fuisset
2796 3336 3213 3407 vaferrimis

739 3445 1036 3526 ‚artibus
1082 3446 1368 3516 obtecta
1419 3453 1616 3516 tanta
1668 3448 2087 3535 disparitas.
2164 3447 2451 3516 Etenim
2514 3447 2648 3515 ista
2710 3452 2914 3516 arcet
2971 3446 3214 3514 amici·

749 3554 946 3630 tiam,
997 3572 1192 3640 quae
1241 3554 1457 3623 valde
1504 3556 1930 3624 necessaria
1982 3561 2096 3625 est
2140 3556 2233 3624 ad
2269 3554 2870 3642 tranquillitatem
2914 3554 3107 3622 vitae
3139 3554 3212 3620 in

749 3660 1284 3730 communione
1332 3662 1761 3732 ducendae:
1813 3663 2044 3731 immo
2096 3664 2349 3751 gravis
2396 3661 2793 3749 disparitas
2828 3665 3070 3730 mater
3102 3666 3214 3730 est

751 3768 1319 3852 discordiarum,
1352 3777 1423 3838 et
1441 3788 1672 3856 saepe
1695 3771 2160 3839 tristissimos
2186 3769 2376 3856 parit
2403 3769 2747 3840 effectus:
2778 3769 2977 3838 unde
3010 3770 3209 3856 apud

752 3877 1162 3962 RomanOS‚
1212 3883 1398 3946 teste
1444 3878 1716 3962 BoetiO,
1767 3879 2068 3964 nuptiae
2118 3879 2304 3947 inter
2360 3878 2724 3964 impareS,
2799 3875 3211 3963 illegitimae

752 3982 1239 4068 habebantur,
1293 3999 1371 4052 ut
1414 3982 1655 4054 fusius
1701 3986 2008 4071 exponit
2052 3992 2123 4054 et
2167 3983 2560 4071 perpendit
2604 3983 2941 4052 Sanchez
2975 3980 3021 4050 ⁸.

882 4093 992 4160 32.
1049 4091 1346 4168 Quarta
1388 4111 1665 4161 eausa:
1736 4090 2180 4160 Voluntaria
2229 4098 2301 4160 et
2350 4088 2568 4159 nimis
2596 4094 2998 4179 protracta
3032 4087 3214 4158 dila-

754 4194 854 4266 tio
901 4195 1213 4267 alterius
1260 4197 1588 4286 coniuqis
1634 4197 1740 4267 ad
1785 4197 2462 4268 consummandum
2525 4194 3111 4266 matrimonium.
3168 4230 3209 4244 -—

885 4440 905 4477 ¹
952 4440 1194 4499 Videsis
1235 4440 1532 4499 eiusmodi
1575 4440 1860 4517 exempla
1902 4439 2060 4516 apud
2103 4439 2352 4516 Ursaya
2398 4436 2511 4499 loe.
2553 4439 2667 4533 αἲ.
2716 4429 2839 4496 rm.
2866 4435 3139 4496 -87-91.

886 4538 912 4574 ²²·
955 4537 1129 4614 Apud
1174 4537 1419 4613 Ursaya
1467 4538 1578 4599 loc.
1630 4539 1740 4598 cit.
1787 4536 2058 4612 discept.
2103 4537 2214 4594 21.
2267 4556 2333 4594 η.
2386 4537 2499 4595 88.

884 4636 907 4670 ³
952 4634 1226 4693 Sanchez
1269 4634 1381 4691 cit.
1437 4634 1549 4695 loe.
1602 4634 1709 4692 lib.
1763 4632 1826 4690 2.
1875 4635 2127 4710 disput.
2187 4634 2289 4693 16.
2337 4652 2409 4693 η.
2461 4634 2524 4693 2.
