3509 5317
860 527 1000 582 ..4-

313 679 403 747 rem,
417 678 533 749 quam
546 659 695 730 divitem
713 661 868 748 putabat
880 661 939 731 vel
956 659 1119 730 nobilem
1135 663 1200 730 aut
1212 659 1404 747 virginem,
1417 677 1546 746 quam·

312 790 387 857 que
409 788 626 856 pauperem,
652 770 836 857 plebeiam
861 788 907 841 ac
930 769 1156 839 defloratam
1181 767 1343 837 iuveniat
1359 766 1381 835 ¹.
1405 768 1547 857 Excipe

311 884 436 947 tamen
466 878 497 946 si
528 895 634 947 error
664 875 850 964 qualitatis
880 881 1046 947 transeat
1077 875 1280 963 aliquando
1311 878 1348 945 in
1376 895 1543 947 errorem

311 1003 515 1073 personae,
546 1002 666 1072 quum
695 1003 832 1072 nempe
860 984 1021 1072 qualitas
1053 984 1089 1052 in
1122 1002 1197 1071 qua
1231 973 1377 1054 erratur
1403 992 1544 1055 certam

312 1093 475 1181 aliquam
500 1092 722 1163 determinat
744 1110 957 1179 personam,
976 1091 1187 1160 distinctam
1203 1090 1253 1160 ab
1269 1109 1312 1160 ea
1329 1110 1427 1178 quae
1444 1110 1547 1178 prae·

312 1218 402 1269 sens
425 1205 482 1269 est
505 1206 583 1270 eta
609 1198 744 1286 quavis
767 1198 855 1284 alia,
889 1203 929 1267 ut
952 1198 983 1267 si
1007 1198 1181 1268 intendas
1204 1197 1426 1268 contrahere
1455 1216 1543 1267 cum

314 1307 567 1395 primogenita,
591 1323 708 1393 quam
724 1305 827 1375 aliter
846 1324 922 1374 non
939 1305 1082 1390 novisti,
1101 1305 1234 1374 eteius
1251 1304 1332 1373 loco
1348 1304 1420 1376 alia
1435 1323 1545 1373 soror

312 1416 484 1485 ducenda
515 1415 695 1502 tradatur.¹
725 1416 831 1483 Tunc
861 1414 960 1483 enim
993 1432 1100 1484 error
1132 1412 1284 1501 impedit
1315 1432 1543 1483 consensum

313 1525 348 1591 in
373 1521 614 1592 substantiale
636 1521 847 1590 subiectum
873 1520 1063 1607 perillam
1087 1521 1303 1608 qualitatem
1327 1520 1547 1590 determina·
1625 1504 1634 1518 ’

314 1636 390 1699 tum
411 1626 435 1696 ².

379 1740 410 1806 4.
435 1739 577 1806 Verum
595 1740 671 1805 tam
684 1736 715 1804 si
729 1735 819 1804 iuris
831 1753 937 1804 error
949 1735 1176 1804 matrimonii
1193 1735 1423 1805 substantiae
1440 1754 1547 1824 repu-

312 1862 444 1931 gnanS,
468 1860 584 1930 quam
608 1842 639 1910 si
663 1839 900 1911 accidentalis
916 1842 1108 1928 quaedam
1124 1841 1294 1929 qualitas,
1318 1861 1434 1929 quam
1460 1841 1547 1929 quis

314 1969 380 2038 per
403 1968 571 2020 errorem
596 1955 699 2036 putat
722 1953 860 2033 extare,
884 1948 952 2018 sed
970 1966 1099 2017 revera
1119 1966 1194 2018 non
1211 1954 1322 2034 extat
1338 1947 1546 2018 deducatur

312 2063 348 2129 in
373 2064 523 2148 pactum
548 2078 615 2128 seu
641 2057 906 2142 conditionem,
931 2063 971 2127 ut
994 2056 1115 2142 aiunt,
1141 2054 1219 2125 sine
1242 2075 1320 2145 qua
1342 2073 1439 2141 non,
1471 2075 1547 2126 ma·

313 2168 528 2237 trimonium
553 2186 602 2237 ex
618 2164 763 2236 delectu
786 2183 998 2234 consensus
1023 2165 1091 2234 erit
1115 2164 1320 2234 invalidum
1339 2162 1361 2230 ².
1386 2164 1548 2234 Consen-

314 2296 382 2346 sus
405 2276 503 2344 enim
528 2275 801 2345 conditionatos
832 2272 971 2360 delicit,
1003 2272 1198 2344 deficiente
1229 2275 1453 2360 conditione,
1485 2278 1547 2345 cui

314 2382 494 2471 alligatur.
520 2380 803 2451 Advertendum
827 2385 952 2451 tamen
978 2387 1044 2467 est,
1070 2400 1310 2452 consensum
1327 2384 1363 2450 in
1388 2381 1468 2452 loro
1485 2402 1548 2453 ex-

315 2498 420 2562 terno
444 2492 588 2561 censeri
611 2492 826 2561 absolutum
851 2491 921 2561 nisi
938 2492 1098 2561 conditio
1122 2493 1287 2562 exterius
1303 2493 1546 2582 exprimatur.

381 2603 413 2669 5.
438 2600 611 2669 Ceterum
645 2600 680 2667 in
709 2598 946 2669 diiudicando
981 2600 1145 2688 coniugii
1168 2599 1296 2670 valore
1324 2619 1374 2670 ex
1396 2601 1547 2670 adiectis

315 2706 603 2793 conditionibus,
634 2724 723 2792 prae
747 2706 864 2775 oculis
893 2707 1066 2777 habenda
1091 2698 1149 2776 est
1171 2707 1328 2778 celebris
1351 2708 1547 2779 decretalis

316 2814 482 2902 Gregorii
507 2811 595 2900 1x¹‚
614 2833 688 2901 qua
713 2814 941 2885 declaratur:
968 2815 1037 2884 «Si
1054 2815 1287 2886 conditiones
1310 2820 1443 2885 contra
1467 2814 1549 2885 sub·

317 2919 532 2989 «stantiam
555 2918 717 3006 centupli
738 2921 969 2994 inserantur,
1002 2926 1094 3009 puta
1121 2923 1153 2990 si
1179 2918 1273 2993 alter
1302 2923 1400 2993 dicat
1427 2923 1546 2993 alteri:

318 3027 540 3097 «contraho
564 3037 687 3097 tecum
713 3028 742 3095 si
767 3029 1050 3116 generationem
1074 3029 1191 3115 prolis
1207 3032 1332 3117 evites,
1350 3032 1410 3101 vel
1426 3034 1548 3102 donec

317 3136 538 3205 «inveniam
563 3135 675 3204 aliam
701 3136 843 3204 honore
867 3134 926 3203 vel
951 3134 1189 3206 facultatibus
1212 3138 1400 3225 ditiorem,
1427 3145 1492 3208 aut
1514 3139 1546 3208 si

317 3260 421 3329 «pro
446 3248 605 3329 quaestu
628 3241 914 3312 adulterandam
936 3245 1133 3315 tetradas:
1159 3247 1442 3316 matrimonialis
1461 3265 1550 3316 con·

318 3352 502 3432 «tractae,
519 3355 869 3437 quantumcumque
885 3350 931 3418 sit
946 3348 1170 3437 favorabilis,
1185 3357 1286 3421 caret
1298 3351 1447 3439 effectu;
1466 3353 1549 3424 licet

319 3455 447 3525 «aliae
471 3455 700 3527 conditiones
722 3459 916 3545 appositae
940 3460 974 3527 in
1003 3459 1248 3545 matrimonio,
1272 3461 1305 3530 si
1330 3466 1460 3551 turpes
1482 3467 1549 3532 aut

319 3562 595 3654 «impossibiles
618 3563 763 3652 fuerint,
787 3565 962 3653 debeant,
988 3577 1139 3655 propter
1162 3568 1243 3637 eius
1267 3566 1453 3656 favorem,
1479 3589 1547 3657 pro

319 3690 430 3740 «non
453 3672 604 3742 adiectis
629 3673 755 3742 haberi
773 3695 804 3740 ».

386 3943 396 3981 ¹
419 3944 556 4004 Sanchez
578 3943 618 4003 de
639 3946 851 4002 matrimonio
875 3944 929 4003 lto.
955 3944 987 4004 7.
1011 3944 1098 4021 disp.
1126 3944 1181 4005 18.
1205 3962 1240 4004 n.
1268 3944 1320 4004 18.

383 4040 396 4078 ⁹
417 4041 495 4100 Vide
511 4042 668 4118 Synodum
686 4042 824 4119 provinc.
841 4041 1071 4101 Maronitarum
1095 4060 1144 4101 au.
1161 4041 1238 4100 1736
1261 4043 1292 4102 in
1311 4044 1416 4104 Monte
1429 4045 1549 4103 Libano

317 4139 507 4199 celebratam
526 4145 559 4200 et
576 4141 616 4199 ab
631 4140 811 4218 Apostolica
826 4141 904 4200 Sede
922 4141 1138 4218 approbatam,
1157 4148 1245 4216 part.
1264 4140 1297 4200 2.
1314 4160 1388 4217 cop.
1407 4143 1461 4203 11.
1478 4142 1497 4217 5
1513 4142 1546 4202 8.

318 4255 352 4296 n.
382 4237 410 4295 l.
436 4268 473 4281 -
493 4237 552 4296 Sed
574 4237 632 4297 cfr.
656 4239 751 4297 etiam
779 4238 917 4298 Sanchez
945 4239 1001 4297 lib.
1028 4238 1060 4297 7.
1083 4239 1169 4313 disp.
1197 4239 1249 4298 18.
1279 4257 1314 4297 n.
1338 4237 1384 4295 25
1406 4248 1438 4299 et
1460 4258 1546 4316 seqq.

317 4352 445 4411 quorum
467 4353 618 4395 summam
639 4337 693 4396 dat
714 4355 749 4395 n.
775 4338 831 4398 38.

384 4434 574 4495 ⁸Beuedict.
599 4436 673 4495 XIV
697 4435 774 4494 ibid.
797 4437 816 4510 ἓ
839 4435 861 4491 5
883 4444 914 4494 et
932 4454 1017 4512 seqq.
1042 4467 1081 4480 -
1103 4436 1273 4495 Leurenius
1294 4437 1420 4495 Forum
1442 4436 1549 4506 Eccl„

320 4551 373 4592 sau
394 4533 419 4593 1.
444 4534 477 4594 0.
502 4534 553 4606 U.,
579 4535 633 4593 lio.
657 4536 690 4594 4.
715 4538 762 4595 tit.
789 4525 820 4594 3'.
844 4543 969 4612 quaeat.
998 4534 1077 4596 125.
1100 4553 1136 4595 n.
1163 4534 1193 4594 3.

385 4634 397 4670 ⁴
419 4632 492 4710 Gap.
516 4636 547 4691 si
567 4634 769 4694 conditiones
793 4634 824 4705 7,
845 4635 885 4694 de
906 4635 1154 4694 conditionibus
1176 4638 1344 4711 appositio.
