3509 5317
863 506 1042 567 482-

338 648 488 717 eistates
511 649 669 717 interae
694 646 804 734 plane
827 646 1019 715 distinctas
1034 644 1231 714 occasione
1255 643 1349 712 etin
1374 642 1575 731 sequelam

338 754 515 824 illiusmet
536 753 751 824 delectionis
774 751 994 823 efformatas
1024 749 1148 836 luisse,
1168 751 1324 821 alteram
1349 749 1574 819 catholicam

339 868 375 931 et
397 861 552 931 alteram
583 861 825 947 haereticam,
850 878 949 948 quae
979 876 1081 927 nunc
1108 858 1266 926 invicem
1299 858 1509 945 permixtae
1534 856 1573 924 in

339 968 469 1039 iisdem
487 969 702 1058 regionibus
718 973 927 1039 versantur.
945 968 1069 1050 Quare
1085 964 1226 1035 etiamsi
1243 969 1329 1035 ante
1352 963 1479 1034 civiles
1495 981 1575 1032 mo

338 1081 400 1144 tus
424 1076 651 1163 publicatum
676 1073 807 1144 fuisset
822 1073 1025 1144 Tridentini
1050 1073 1261 1157 decretum,
1285 1090 1374 1140 curn
1397 1071 1574 1140 nondum

338 1190 469 1256 exorta
494 1202 618 1271 neque
645 1184 693 1252 ihi
717 1184 917 1252 constituta
950 1187 1038 1251 tunc
1062 1185 1162 1250 esset
1190 1180 1306 1250 altera
1336 1178 1396 1248 illa
1420 1179 1576 1247 haereti·

338 1309 471 1360 corum
495 1290 664 1376 societas,
691 1292 785 1361 haec
809 1291 900 1378 ipsis
916 1290 1070 1357 minime
1089 1288 1285 1357 videbatur
1307 1285 1492 1356 eiusmodi
1511 1285 1575 1354 de

338 1397 426 1469 creti
451 1398 698 1486 publicatione
721 1398 903 1487 adstringi
920 1397 1086 1484 potuisse
1110 1394 1146 1475 (l.
1171 1413 1203 1463 c.
1225 1414 1261 1463 a.
1286 1395 1332 1480 8).
1356 1432 1378 1442 —
1401 1392 1471 1465 Alii
1488 1397 1576 1464 hae·

268 1531 273 1543 ·
339 1508 539 1577 reticorum
565 1508 890 1577 matrimoniorum
924 1506 1148 1576 validitatem
1174 1524 1292 1575 exeo
1317 1506 1431 1593 repeti
1455 1523 1575 1593 posse

339 1617 609 1702 existimarunt,
634 1616 735 1704 quod
760 1614 964 1684 Tridentini
988 1616 1119 1684 Patres
1150 1614 1350 1699 voluerint,
1376 1615 1572 1683 decretum

338 1723 428 1793 illud
454 1724 528 1791 vim
554 1742 665 1793 suam
689 1742 764 1791 non
783 1723 923 1793 habere
941 1723 1010 1792 nisi
1027 1727 1114 1809 post
1136 1723 1281 1810 triginta
1307 1721 1387 1791 dies
1409 1741 1430 1791 a
1457 1720 1576 1808 publi-

338 1831 482 1900 catione
507 1832 542 1899 in
560 1831 724 1917 ¹singulis
748 1831 935 1918 parochiis
959 1828 1151 1915 iacienda3
1182 1829 1337 1899 ulterius
1360 1833 1489 1898 autem
1512 1826 1576 1896 de

338 1948 482 2008 cretum
513 1957 589 2006 non
615 1940 805 2026 progredi,
832 1957 955 2026 neque
980 1937 1172 2008 declarare
1201 1956 1249 2007 an
1279 1934 1464 2005 eiusmodi
1490 1935 1574 2023 lege

339 2046 593 2116 heterodoxae
616 2046 811 2116 societates
842 2057 931 2115 tunc
956 2050 1126 2114 extantes
1157 2061 1202 2114 ac
1233 2042 1381 2112 futurae
1404 2060 1575 2127 compre·

340 2156 451 2225 hendi
475 2156 675 2241 deberent3
700 2175 745 2225 ac
769 2155 917 2225 illorum
943 2157 1096 2224 Patrum
1124 2158 1288 2222 mentem
1313 2152 1429 2221 videri
1452 2150 1573 2222 fuisse

341 2264 427 2333 huic
450 2263 683 2334 inducendae
699 2250 911 2351 obligationi
929 2262 1165 2347 contrariam,
1190 2278 1241 2329 ex
1263 2278 1308 2329 eo
1332 2260 1433 2347 quod
1451 2259 1574 2347 probe

339 2371 504 2458 viderint,
530 2390 726 2460 nunquam
752 2369 921 2443 futurum
947 2387 1031 2438 esse
1057 2368 1155 2436 utin
1181 2366 1272 2436 locis
1297 2366 1573 2450 haereticorum

339 2477 399 2547 illa
423 2478 638 2566 expleretur
655 2478 791 2547 decreti
815 2476 1026 2571 ppblicatio
1044 2493 1068 2543 a
1083 2494 1157 2562 qua
1181 2472 1278 2542 illius
1302 2472 1468 2542 efficacia
1484 2490 1577 2558 pen·

338 2584 458 2671 debat,
485 2593 520 2655 et
544 2587 597 2655 sic
620 2606 641 2656 a
667 2586 838 2655 Patribus
862 2585 1033 2672 praevisa
1060 2581 1343 2653 declinabantur
1365 2580 1495 2669 gravia
1520 2598 1575 2649 ex

338 2699 443 2782 parte
460 2694 732 2765 haereticorum
751 2693 991 2763 incommoda
1008 2692 1206 2762 occasione
1224 2690 1320 2759 illius
1336 2690 1473 2759 decreti
1490 2688 1525 2775 (l.
1536 2707 1574 2759 c.

337 2822 373 2872 n.
398 2802 443 2889 9).
467 2837 490 2851 ·
514 2802 582 2872 Alii
606 2803 760 2872 demum
787 2801 910 2889 potius
942 2801 1154 2872 secundum
1180 2798 1427 2887 prudentiam,
1452 2817 1572 2886 quam

338 2909 386 2979 ad
409 2910 577 2979 tramites
602 2911 690 2979 iuris
714 2910 974 2997 quaestionem
1002 2907 1288 2996 perpendentes,
1314 2911 1571 2990 autumarunt,

341 3035 413 3101 non
431 3016 609 3103 expedire
625 3034 764 3086 causae
780 3022 893 3104 atque
912 3015 1127 3086 utilitatibus
1144 3013 1345 3084 catholicae
1370 3012 1572 3100 religionis

339 3123 554 3192 huiusmodi
572 3124 807 3193 matrimonia
827 3124 926 3193 irrita
946 3122 1147 3208 declarare,
1173 3129 1208 3190 et
1224 3121 1277 3189 sic
1300 3138 1414 3208 quam
1440 3120 1573 3207 gravia

338 3230 576 3301 incommoda
610 3230 696 3300 inde
726 3232 931 3301 metuenda
965 3234 1093 3299 essent
1123 3227 1334 3299 enarrando
1364 3225 1574 3315 pergebant

339 3337 374 3422 (l.
398 3357 429 3406 c.
453 3357 513 3405 nn.
540 3338 674 3425 10-11).
1062 3332 1064 3335 ’

405 3447 458 3514 De
487 3444 603 3514 altero
634 3452 760 3515 aulem
795 3445 1025 3533 quaestionis
1056 3443 1175 3531 capite
1207 3442 1309 3531 quod
1337 3442 1374 3510 in
1405 3439 1573 3510 secunda

338 3551 474 3621 decreti
491 3560 595 3639 parte
611 3550 806 3620 delinitum
821 3550 898 3636 luit,
917 3551 1094 3619 nimirum
1112 3549 1159 3619 de
1175 3548 1419 3619 matrimoniis
1435 3544 1572 3615 micatis

338 3660 432 3728 inter
456 3677 572 3728 unam
602 3665 745 3746 partem
775 3657 997 3729 catholicam
1032 3664 1068 3727 et
1097 3658 1251 3728 alteram
1283 3657 1506 3725 haereticam
1531 3655 1569 3722 in

338 3765 532 3835 Hollandia
559 3773 596 3834 et
618 3765 743 3854 Belgio
768 3765 864 3834 initis
881 3765 962 3834 sine
980 3764 1133 3852 parochi
1157 3782 1202 3834 ac
1225 3764 1371 3833 testium
1397 3780 1572 3851 praesen·

337 3873 395 3956 tia,
413 3888 530 3940 sensu
548 3872 777 3958 quaestionis
792 3873 984 3958 sapienter
999 3870 1213 3957 explanate,
1231 3869 1481 3938 concordibus
1496 3866 1573 3938 sui-

337 3975 462 4065 fragiis
487 3980 522 4046 iu
547 3997 631 4047 eam
657 3979 875 4048 sententiam
902 3979 994 4047 itum
1019 3985 1087 4062 est,
1113 3984 1152 4046 ut
1175 3977 1283 4045 sicuti
1306 3976 1427 4047 valida
1451 3974 1574 4044 decla·

337 4096 417 4155 rata
440 4082 588 4155 fuerant
602 4086 840 4154 matrimonia
856 4085 1131 4155 haereticorum
1149 4084 1242 4152 inter
1258 4102 1300 4154 se
1315 4084 1352 4151 in
1377 4081 1571 4170 praedictis

337 4193 438 4278 locis,
464 4193 508 4261 ita
535 4192 658 4263 valida
689 4193 758 4262 dici
782 4193 964 4263 deberent
994 4191 1231 4261 matrimonia
1256 4189 1413 4275 misem·
1436 4213 1456 4254 ι
1479 4207 1572 4277 quo

338 4322 356 4364 «
374 4301 473 4370 niam
492 4318 579 4368 omn
597 4299 801 4388 coniugum
817 4299 920 4386 alter,
938 4305 1017 4369 tum
1035 4297 1181 4367 ratione
1192 4296 1263 4367 loci
1275 4299 1312 4367 in
1325 4316 1402 4386 quo
1418 4297 1569 4382 habitat,

338 4414 452 4476 «tum
479 4406 626 4476 ratione
656 4406 842 4476 societatis
867 4408 905 4474 in
937 4426 1009 4495 qua
1043 4407 1140 4492 vivit,
1165 4413 1367 4493 exemptus
1397 4404 1444 4473 sit
1465 4423 1486 4473 a
1511 4404 1573 4472 tri-

337 4513 546 4584 «dentinae
574 4514 716 4602 Synodi
746 4515 842 4602 lege,
868 4514 1059 4600 exemptio
1085 4533 1159 4608 qua
1193 4514 1273 4601 ipse
1296 4511 1437 4598 fruitur,
1462 4511 1567 4581 alteri

337 4622 465 4708 «parti
490 4623 767 4693 communicata
791 4632 964 4693 remanet
987 4629 1141 4711 propter
1165 4621 1457 4692 individuitatem
1480 4637 1569 4689 con·
