3509 5317
3064 22 3475 198 Ἣ

1835 530 2141 589 ,66-

887 668 997 735 21.
1038 666 1252 747 Quod
1288 667 1538 735 attinet
1570 667 1663 735 ad
1699 665 2078 753 sponsalia
2117 666 2233 734 vel
2267 667 2485 736 etiam
2532 668 3002 740 matrimonia
3038 672 3204 744 inita

761 775 903 843 sub
947 772 1362 843 conditione
1409 774 1502 842 de
1516 771 1826 866 future,
1881 792 2055 842 cum
2106 773 2428 844 conditio
2464 777 2879 863 suspendat
2909 797 3213 850 consen·

761 900 926 949 snm
979 899 1223 969 usque
1268 882 1365 950 ad
1415 881 1855 951 conditionis
1886 890 2264 968 eventum,
2301 881 2521 952 efficit
2553 902 2649 953 ne
2679 885 3061 971 sponsalia
3100 887 3210 955 vel

761 990 1315 1058 matrimonium
1367 995 1537 1059 ante
1585 989 2029 1058 conditionis
2076 989 2488 1059 adventum
2536 989 2884 1061 effectum
2937 993 3212 1063 valoris

761 1097 1080 1167 habeant
1123 1117 1223 1167 ex
1271 1095 1559 1166 defectu
1610 1116 2070 1184 consensus;
2134 1116 2224 1167 ac
2274 1098 2583 1185 proinde
2650 1107 2807 1167 tum
2865 1102 3209 1189 antiquO,

761 1220 911 1275 mm
965 1223 1163 1274 novo
1211 1205 1611 1276 Tridentini
1645 1206 1808 1274 iure
1852 1223 2000 1273 non
2038 1205 2398 1274 inducunt
2431 1206 2770 1292 publicae
2808 1208 3211 1280 honestatis

761 1313 1396 1400 impedimentum.
1469 1312 1727 1382 Statim
1779 1331 1869 1381 ae
1915 1318 2166 1381 autem
2229 1312 2527 1399 impleta
2584 1311 2802 1382 fuerit
2856 1316 3209 1402 conditiO,

761 1423 899 1489 ime
928 1420 1160 1488 oritur
1194 1420 1835 1507 impedimentum,
1863 1421 2032 1506 quia
2075 1419 2186 1488 vel
2224 1439 2322 1489 ex
2348 1439 2438 1489 eo
2469 1405 2845 1507 sponsalia
2883 1422 3216 1492 evadunt

761 1549 978 1615 pura,
1042 1527 1383 1597 absoluta
1436 1532 1507 1596 et
1556 1526 1822 1596 valida.
1869 1564 1913 1574 —
1961 1513 2208 1608 Quare
2255 1528 2318 1595 si
2367 1528 2537 1615 quis
2595 1527 2975 1614 sponsalia
3035 1548 3209 1598 cum

757 1639 995 1723 aliqua
1051 1634 1363 1704 muliere
1411 1632 1547 1702 sub
1578 1632 1993 1703 conditione
2025 1635 2413 1720 contraxit,
2447 1639 2520 1703 et
2551 1639 2815 1720 postea
2845 1642 3016 1705 ante
3048 1655 3218 1705 con-

757 1744 1050 1812 ditionis
1110 1749 1463 1811 eventum
1523 1741 1919 1810 contrahat
1979 1760 2112 1828 per
2159 1741 2388 1811 verba
2453 1739 2548 1810 de
2588 1740 2979 1830 praesenti
3036 1762 3214 1813 curn

761 1855 947 1920 illius
981 1868 1278 1935 sorore;
1328 1868 1497 1918 eum
1547 1850 1688 1917 hac
1736 1848 2064 1917 secunda
2112 1867 2506 1917 remanere
2558 1847 2846 1918 debebit
2879 1849 2922 1936 ¹,
2972 1869 3213 1938 quum

765 1959 1083 2027 validum
1117 1958 1212 2026 sit
1242 1975 1506 2026 eorum
1540 1956 1997 2044 coniugium.
2032 1992 2073 2004 -
2107 1956 2180 2025 Si
2215 1958 2386 2044 quis
2419 1974 2599 2025 vero
2633 1963 2803 2044 post
2832 1963 3213 2029 contracta

757 2066 1247 2137 ÷·-and1·ti0nate
1294 2064 1670 2152 sponsalia
1722 2064 1817 2133 de
1863 2062 2112 2132 futuro
2161 2082 2335 2133 oum
2386 2064 2590 2149 Titia,
2632 2082 2827 2132 nova
2861 2064 3084 2134 etiam
3122 2065 3213 2133 de

757 2179 1001 2244 futuro
1048 2172 1427 2259 sponsalia
1491 2171 1843 2258 quamvis
1890 2170 2232 2240 absoluta
2295 2189 2472 2240 cum
2520 2171 2685 2240 eius
2731 2190 2996 2242 sorore
3042 2190 3216 2241 con-

757 2284 991 2351 trahat
1036 2286 1207 2350 ante
1252 2279 1694 2349 conditionis
1740 2283 2134 2362 eventum,
2185 2278 2382 2347 nulla
2438 2297 2534 2347 ex
2583 2279 2938 2348 secundis
2986 2298 3211 2366 spon-

757 2411 829 2459 *a
849 2390 1035 2457 libus
1082 2388 1316 2456 oritur
1362 2385 1709 2473 publicae
1755 2386 2166 2455 honestatis
2214 2386 2503 2471 iustitia,
2552 2405 2727 2455 oum
2778 2388 2965 2456 haec
3014 2388 3214 2457 inva-

761 2499 893 2566 lilla
943 2497 1089 2566 sint
1134 2514 1232 2564 ex
1281 2514 1365 2563 ea
1422 2494 1703 2564 ratione
1750 2493 1953 2581 quod
2006 2494 2258 2580 priora
2304 2494 2685 2580 sponsalia
2737 2494 3069 2583 obligant
3115 2495 3207 2565 ad

753 2602 1308 2692 ·=:-:pectandum
1355 2601 1797 2671 conditionis
1829 2606 2206 2686 eventum,
2240 2609 2411 2670 ante
2443 2620 2671 2688 quem
2706 2602 2963 2689 nequit
2993 2621 3212 2689 spon·

753 2731 884 2781 -aus
934 2730 1090 2781 rem
1145 2711 1268 2779 uni
1330 2711 1476 2779 sub
1523 2709 1947 2779 conditione
2005 2709 2458 2796 promissam
2525 2706 3211 2778 tradere‘absolute

753 2822 990 2906 :1lteri3
1040 2829 1111 2888 et
1154 2818 1323 2888 ideo
1373 2818 1653 2906 poterit,
1699 2836 1788 2886 ac
1840 2824 2006 2905 post
2036 2817 2479 2887 conditionis
2511 2822 2865 2907 eventum
2917 2816 3210 2887 debebit

753 2928 1007 2997 'l'itiam
1057 2926 1354 3010 ducere,
1405 2943 1556 2993 non
1606 2925 1946 2994 eiusdem
1998 2942 2364 2993 sororem.

885 3032 1098 3115 Quod
1149 3034 1208 3101 si
1257 3030 1578 3101 conditio
1625 3033 1719 3100 sit
1763 3030 1857 3101 de
1895 3030 2285 3120 praesenti
2319 3032 2428 3100 vel
2465 3030 2557 3099 de
2584 3028 3031 3119 praeteritO,
3073 3038 3216 3099 sta·

757 3143 874 3207 lim
924 3141 1157 3208 oritur
1206 3139 1548 3226 publicae
1599 3139 2010 3208 honestatis
2057 3139 2345 3225 iustitia,
2396 3140 2454 3207 si
2504 3138 2825 3206 conditio
2880 3156 3054 3207 vera
3097 3138 3210 3205 sit.

882 3247 956 3316 Si
1005 3254 1256 3316 autem
1304 3247 1623 3315 conditio
1670 3247 1764 3315 sit
1823 3245 1916 3315 de
1958 3244 2226 3335 futuro
2288 3242 2720 3335 impossibili
2771 3252 2901 3314 aut
2962 3243 3204 3333 turpi,

753 3359 837 3419 im
892 3361 1166 3444 tamen,
1197 3360 1275 3422 ut
1322 3372 1468 3421 non
1520 3354 1617 3423 sit
1660 3361 1923 3424 eontra
1971 3355 2420 3423 matrimonii
2468 3355 2992 3440 substantiam,
3043 3372 3212 3422 con-

749 3467 919 3531 ilitio
970 3463 1287 3531 habetur
1335 3480 1471 3548 pro
1518 3480 1665 3530 non
1720 3464 2028 3548 adiecta,
2078 3469 2304 3550 atque
2353 3481 2450 3531 ex
2497 3462 2984 3550 sponsalibus
3032 3468 3212 3531 tam-

753 3588 977 3655 quam
1028 3568 1235 3655 puris
1281 3573 1351 3637 et
1397 3569 1761 3638 absolutis
1810 3570 2430 3656 impedimentum
2481 3570 2713 3638 oritur
2745 3566 2792 3636 ².

878 3679 986 3744 22.
1036 3675 1280 3744 Semel
1332 3681 1585 3745 autem
1620 3681 1869 3745 ortum
1909 3676 2251 3764 publicae
2287 3678 2693 3747 honestatis
2725 3676 3215 3764 impedimen·

753 3795 928 3868 illm,
972 3788 1341 3873 perpetuo
1390 3784 1643 3853 durat.
1696 3787 1942 3865 Quare
1993 3785 2052 3853 si
2098 3803 2376 3872 sponsa
2418 3804 2483 3852 V.
2514 3803 2621 3874 gr.
2667 3785 3049 3870 moriatur,
3085 3790 3212 3853 aut

753 3892 1204 3975 ingrediatur
1251 3892 1726 3980 religionem,
1776 3910 1928 3960 non
1977 3893 2244 3978 poterit
2290 3911 2625 3980 sponsus
2672 3910 2846 3961 cum
2896 3909 3210 3960 consan-

749 4001 1038 4087 2*mineis
1070 4018 1397 4086 sponsae
1430 4001 1616 4069 intra
1652 4001 1938 4087 gradus
1985 4019 2083 4069 ex
2121 4000 2460 4087 publicae
2494 3998 2905 4070 honestatis
2936 3998 3211 4067 iustitia

753 4108 1156 4195 prohibitos
1199 4108 1644 4176 contrahere
1679 4105 1723 4174 ⁸.
1775 4145 1817 4157 -
1869 4108 2071 4176 idem
2142 4108 2547 4177 dicendum
2592 4109 2815 4177 etiam
2871 4108 2932 4175 si
2988 4124 3212 4193 spon·

884 4358 901 4394 ¹
935 4358 1032 4416 Ita
1055 4356 1410 4422 Bonifaeius
1434 4356 1581 4416 vm
1612 4356 1674 4414 in
1699 4357 1896 4415 citata
1926 4357 2226 4417 decretali
2252 4375 2335 4415 esc
2359 4358 2801 4432 sponsalibus,
2824 4357 2862 4431 g
2888 4356 3005 4414 ille
3037 4373 3145 4414 ver
3165 4382 3203 4410 ι.

876 4456 900 4493 2
943 4457 1220 4516 Sanchez
1269 4458 1373 4513 lib.
1415 4456 1474 4512 7.
1525 4456 1691 4529 disp.
1744 4455 1854 4513 69.
1913 4475 1974 4515 n.
2007 4460 2051 4516 2
2083 4465 2145 4514 et
2170 4476 2340 4534 seqq.
2376 4491 2442 4501 —
2471 4457 2742 4533 Pirhing
2776 4456 2885 4513 lib.
2916 4453 2979 4512 4.
3019 4456 3116 4513 tit.
3146 4454 3202 4510 1.

871 4554 976 4611 38.

881 4653 905 4690 3
951 4655 1225 4712 Sanchez
1273 4654 1379 4711 lib.
1437 4653 1494 4710 7.
1542 4654 1710 4728 disp.
1764 4654 1875 4712 68.
1925 4673 2043 4713 om.
2094 4653 2345 4722 20-21,
2388 4654 2621 4730 aliique
2663 4653 2894 4730 plures,

3471 428 3474 446 l
