<?xml version="1.0" encoding="UTF-8"?>
<!DOCTYPE html PUBLIC "-//W3C//DTD XHTML 1.0 Transitional//EN"
    "http://www.w3.org/TR/xhtml1/DTD/xhtml1-transitional.dtd">
<html xmlns="http://www.w3.org/1999/xhtml" xml:lang="en" lang="en">
 <head>
  <title>
</title>
<meta http-equiv="Content-Type" content="text/html;charset=utf-8" />
  <meta name='ocr-system' content='tesseract 3.04.00' />
  <meta name='ocr-capabilities' content='ocr_page ocr_carea ocr_par ocr_line ocrx_word'/>
</head>
<body>
  <div class='ocr_page' id='page_1' title='image "./decausismatrimo00mansgoog_0071.png"; bbox 0 0 3509 5317; ppageno 0'>
   <div class='ocr_carea' id='block_1_1' title="bbox 700 483 854 542">
    <p class='ocr_par' dir='ltr' id='par_1_1' title="bbox 700 483 854 542">
     <span class='ocr_line' id='line_1_1' title="bbox 700 483 854 542; baseline 0.006 -13"><span class='ocrx_word' id='word_1_1' title='bbox 700 483 854 542; x_wconf 81' lang='lat'>..57-</span> 
     </span>
    </p>
   </div>
   <div class='ocr_carea' id='block_1_2' title="bbox 160 623 1402 3938">
    <p class='ocr_par' dir='ltr' id='par_1_2' title="bbox 224 623 1395 711">
     <span class='ocr_line' id='line_1_2' title="bbox 224 623 1395 711; baseline 0.001 -17"><span class='ocrx_word' id='word_1_2' title='bbox 224 628 258 694; x_wconf 86' lang='lat'>9.</span> <span class='ocrx_word' id='word_1_3' title='bbox 283 626 340 693; x_wconf 92' lang='lat' dir='ltr'>En</span> <span class='ocrx_word' id='word_1_4' title='bbox 364 623 488 711; x_wconf 85' lang='lat' dir='ltr'>itaque</span> <span class='ocrx_word' id='word_1_5' title='bbox 511 624 699 711; x_wconf 89' lang='lat' dir='ltr'>potiorum</span> <span class='ocrx_word' id='word_1_6' title='bbox 725 639 878 693; x_wconf 90' lang='lat' dir='ltr'>summa</span> <span class='ocrx_word' id='word_1_7' title='bbox 903 623 1108 707; x_wconf 87' lang='lat' dir='ltr'>rationum,</span> <span class='ocrx_word' id='word_1_8' title='bbox 1132 624 1289 709; x_wconf 85' lang='lat' dir='ltr'>quasin</span> <span class='ocrx_word' id='word_1_9' title='bbox 1321 643 1395 695; x_wconf 84' lang='lat' dir='ltr'>me</span> 
     </span>
    </p>

    <p class='ocr_par' dir='ltr' id='par_1_3' title="bbox 160 725 1399 2327">
     <span class='ocr_line' id='line_1_3' title="bbox 160 725 1393 820; baseline -0.001 -18"><span class='ocrx_word' id='word_1_10' title='bbox 160 733 264 802; x_wconf 89' lang='lat' dir='ltr'>dium</span> <span class='ocrx_word' id='word_1_11' title='bbox 289 729 528 820; x_wconf 81' lang='lat' dir='ltr'>proterebant</span> <span class='ocrx_word' id='word_1_12' title='bbox 551 731 696 817; x_wconf 87' lang='lat' dir='ltr'>patroni</span> <span class='ocrx_word' id='word_1_13' title='bbox 713 731 857 816; x_wconf 80' lang='lat' dir='ltr'>primae</span> <span class='ocrx_word' id='word_1_14' title='bbox 874 730 1089 815; x_wconf 79' lang='lat' dir='ltr'>sementina,</span> <span class='ocrx_word' id='word_1_15' title='bbox 1107 725 1205 817; x_wconf 85' lang='lat' dir='ltr'>quae</span> <span class='ocrx_word' id='word_1_16' title='bbox 1221 729 1393 818; x_wconf 78' lang='lat' dir='ltr'>affirmat</span> 
     </span>
     <span class='ocr_line' id='line_1_4' title="bbox 161 835 1394 926; baseline -0.002 -14"><span class='ocrx_word' id='word_1_17' title='bbox 161 841 287 912; x_wconf 81' lang='lat' dir='ltr'>enasci</span> <span class='ocrx_word' id='word_1_18' title='bbox 312 859 361 909; x_wconf 84' lang='lat' dir='ltr'>ex</span> <span class='ocrx_word' id='word_1_19' title='bbox 398 838 633 909; x_wconf 89' lang='lat' dir='ltr'>matrimonio</span> <span class='ocrx_word' id='word_1_20' title='bbox 668 835 766 907; x_wconf 85' lang='lat' dir='ltr'>ciuili</span> <span class='ocrx_word' id='word_1_21' title='bbox 799 838 971 926; x_wconf 88' lang='lat' dir='ltr'>publicae</span> <span class='ocrx_word' id='word_1_22' title='bbox 1004 838 1208 908; x_wconf 81' lang='lat' dir='ltr'><strong>honestatis</strong></span> <span class='ocrx_word' id='word_1_23' title='bbox 1242 838 1394 926; x_wconf 91' lang='lat' dir='ltr'>impedi·</span> 
     </span>
     <span class='ocr_line' id='line_1_5' title="bbox 161 953 649 1019; baseline -0.014 0"><span class='ocrx_word' id='word_1_24' title='bbox 161 953 344 1019; x_wconf 88' lang='lat' dir='ltr'>mentum.</span> <span class='ocrx_word' id='word_1_25' title='bbox 643 1001 649 1012; x_wconf 92' lang='lat'><strong><em>.</em></strong></span> 
     </span>
     <span class='ocr_line' id='line_1_6' title="bbox 229 1052 1395 1134; baseline -0.003 -8"><span class='ocrx_word' id='word_1_26' title='bbox 229 1054 475 1126; x_wconf 90' lang='lat' dir='ltr'>Communior</span> <span class='ocrx_word' id='word_1_27' title='bbox 499 1059 668 1124; x_wconf 90' lang='lat' dir='ltr'>veterum</span> <span class='ocrx_word' id='word_1_28' title='bbox 693 1056 896 1124; x_wconf 76' lang='lat' dir='ltr'>Doctorum</span> <span class='ocrx_word' id='word_1_29' title='bbox 921 1052 1099 1123; x_wconf 85' lang='lat' dir='ltr'>sententia</span> <span class='ocrx_word' id='word_1_30' title='bbox 1126 1058 1191 1134; x_wconf 82' lang='lat' dir='ltr'>est</span> <span class='ocrx_word' id='word_1_31' title='bbox 1217 1072 1266 1124; x_wconf 86' lang='lat' dir='ltr'>ex</span> <span class='ocrx_word' id='word_1_32' title='bbox 1299 1052 1395 1122; x_wconf 86' lang='lat' dir='ltr'>cian-</span> 
     </span>
     <span class='ocr_line' id='line_1_7' title="bbox 162 1161 1396 1252; baseline -0.001 -19"><span class='ocrx_word' id='word_1_33' title='bbox 162 1162 308 1233; x_wconf 79' lang='lat' dir='ltr'>destino</span> <span class='ocrx_word' id='word_1_34' title='bbox 330 1162 502 1251; x_wconf 81' lang='lat' dir='ltr'>coniugio</span> <span class='ocrx_word' id='word_1_35' title='bbox 526 1162 835 1248; x_wconf 83' lang='lat' dir='ltr'><strong>impedimentum</strong></span> <span class='ocrx_word' id='word_1_36' title='bbox 861 1161 1032 1250; x_wconf 85' lang='lat' dir='ltr'>publicae</span> <span class='ocrx_word' id='word_1_37' title='bbox 1070 1161 1273 1252; x_wconf 75' lang='lat' dir='ltr'>honestatis</span> <span class='ocrx_word' id='word_1_38' title='bbox 1313 1181 1396 1232; x_wconf 90' lang='lat' dir='ltr'>ena·</span> 
     </span>
     <span class='ocr_line' id='line_1_8' title="bbox 163 1267 1396 1357; baseline -0.001 -17"><span class='ocrx_word' id='word_1_39' title='bbox 163 1271 226 1355; x_wconf 85' lang='lat' dir='ltr'>sci,</span> <span class='ocrx_word' id='word_1_40' title='bbox 250 1278 292 1340; x_wconf 93' lang='lat' dir='ltr'>ut</span> <span class='ocrx_word' id='word_1_41' title='bbox 316 1287 437 1357; x_wconf 84' lang='lat' dir='ltr'><strong>nuper</strong></span> <span class='ocrx_word' id='word_1_42' title='bbox 462 1267 632 1339; x_wconf 79' lang='lat' dir='ltr'>vidImus.</span> <span class='ocrx_word' id='word_1_43' title='bbox 659 1270 763 1339; x_wconf 88' lang='lat' dir='ltr'>Hanc</span> <span class='ocrx_word' id='word_1_44' title='bbox 799 1274 925 1337; x_wconf 88' lang='lat' dir='ltr'>autem</span> <span class='ocrx_word' id='word_1_45' title='bbox 961 1269 1181 1338; x_wconf 88' lang='lat' dir='ltr'>sententiam</span> <span class='ocrx_word' id='word_1_46' title='bbox 1216 1272 1296 1337; x_wconf 93' lang='lat' dir='ltr'>tum</span> <span class='ocrx_word' id='word_1_47' title='bbox 1334 1288 1396 1339; x_wconf 91' lang='lat' dir='ltr'>ex·</span> 
     </span>
     <span class='ocr_line' id='line_1_9' title="bbox 162 1372 1396 1464; baseline -0.001 -19"><span class='ocrx_word' id='word_1_48' title='bbox 162 1377 343 1461; x_wconf 87' lang='lat' dir='ltr'>trinsecis,</span> <span class='ocrx_word' id='word_1_49' title='bbox 367 1383 447 1446; x_wconf 90' lang='lat' dir='ltr'>tum</span> <span class='ocrx_word' id='word_1_50' title='bbox 471 1376 679 1446; x_wconf 76' lang='lat' dir='ltr'>intrinsecis</span> <span class='ocrx_word' id='word_1_51' title='bbox 696 1376 928 1464; x_wconf 76' lang='lat' dir='ltr'>argumentis</span> <span class='ocrx_word' id='word_1_52' title='bbox 944 1372 1063 1444; x_wconf 84' lang='lat' dir='ltr'>fulciri</span> <span class='ocrx_word' id='word_1_53' title='bbox 1079 1374 1396 1446; x_wconf 85' lang='lat' dir='ltr'>contendebant.-</span> 
     </span>
     <span class='ocr_line' id='line_1_10' title="bbox 163 1481 1395 1571; baseline -0.001 -17"><span class='ocrx_word' id='word_1_54' title='bbox 163 1487 271 1555; x_wconf 84' lang='lat' dir='ltr'>Hanc</span> <span class='ocrx_word' id='word_1_55' title='bbox 293 1483 452 1555; x_wconf 87' lang='lat' dir='ltr'>eandem</span> <span class='ocrx_word' id='word_1_56' title='bbox 477 1485 697 1553; x_wconf 89' lang='lat' dir='ltr'>sententiam</span> <span class='ocrx_word' id='word_1_57' title='bbox 722 1481 938 1552; x_wconf 84' lang='lat' dir='ltr'>confirmari</span> <span class='ocrx_word' id='word_1_58' title='bbox 956 1482 1014 1551; x_wconf 93' lang='lat' dir='ltr'>vel</span> <span class='ocrx_word' id='word_1_59' title='bbox 1030 1483 1079 1552; x_wconf 88' lang='lat' dir='ltr'>ab</span> <span class='ocrx_word' id='word_1_60' title='bbox 1095 1483 1179 1571; x_wconf 83' lang='lat' dir='ltr'>ipsa</span> <span class='ocrx_word' id='word_1_61' title='bbox 1193 1502 1290 1570; x_wconf 93' lang='lat' dir='ltr'>pene</span> <span class='ocrx_word' id='word_1_62' title='bbox 1306 1503 1395 1571; x_wconf 82' lang='lat' dir='ltr'>quo</span> 
     </span>
     <span class='ocr_line' id='line_1_11' title="bbox 162 1590 1397 1680; baseline 0 -18"><span class='ocrx_word' id='word_1_63' title='bbox 162 1594 298 1663; x_wconf 91' lang='lat' dir='ltr'>tidiana</span> <span class='ocrx_word' id='word_1_64' title='bbox 323 1592 431 1680; x_wconf 82' lang='lat' dir='ltr'>praxi</span> <span class='ocrx_word' id='word_1_65' title='bbox 455 1610 587 1662; x_wconf 90' lang='lat' dir='ltr'>sacrae</span> <span class='ocrx_word' id='word_1_66' title='bbox 614 1591 932 1677; x_wconf 88' lang='lat' dir='ltr'>Poenitentiariae‚</span> <span class='ocrx_word' id='word_1_67' title='bbox 970 1609 1068 1678; x_wconf 88' lang='lat' dir='ltr'>quae</span> <span class='ocrx_word' id='word_1_68' title='bbox 1102 1590 1263 1663; x_wconf 85' lang='lat' dir='ltr'>invalida</span> <span class='ocrx_word' id='word_1_69' title='bbox 1298 1590 1397 1662; x_wconf 85' lang='lat' dir='ltr'>clan-</span> 
     </span>
     <span class='ocr_line' id='line_1_12' title="bbox 164 1695 1395 1787; baseline -0.001 -17"><span class='ocrx_word' id='word_1_70' title='bbox 164 1698 311 1771; x_wconf 77' lang='lat' dir='ltr'>destina</span> <span class='ocrx_word' id='word_1_71' title='bbox 334 1700 568 1771; x_wconf 90' lang='lat' dir='ltr'>matrimonia</span> <span class='ocrx_word' id='word_1_72' title='bbox 594 1718 735 1769; x_wconf 79' lang='lat' dir='ltr'>sanare</span> <span class='ocrx_word' id='word_1_73' title='bbox 759 1698 853 1770; x_wconf 88' lang='lat' dir='ltr'>solet</span> <span class='ocrx_word' id='word_1_74' title='bbox 874 1697 914 1768; x_wconf 86' lang='lat' dir='ltr'>in</span> <span class='ocrx_word' id='word_1_75' title='bbox 937 1695 1089 1768; x_wconf 85' lang='lat' dir='ltr'>radice:</span> <span class='ocrx_word' id='word_1_76' title='bbox 1117 1718 1214 1787; x_wconf 86' lang='lat' dir='ltr'>quae</span> <span class='ocrx_word' id='word_1_77' title='bbox 1239 1699 1395 1786; x_wconf 79' lang='grc'>0000110,</span> 
     </span>
     <span class='ocr_line' id='line_1_13' title="bbox 165 1806 1395 1895; baseline -0.002 -18"><span class='ocrx_word' id='word_1_78' title='bbox 165 1808 322 1877; x_wconf 84' lang='lat' dir='ltr'>docente</span> <span class='ocrx_word' id='word_1_79' title='bbox 339 1807 535 1877; x_wconf 89' lang='lat' dir='ltr'>Benedicto</span> <span class='ocrx_word' id='word_1_80' title='bbox 548 1807 648 1891; x_wconf 88' lang='lat' dir='ltr'>XIV,</span> <span class='ocrx_word' id='word_1_81' title='bbox 674 1807 801 1875; x_wconf 89' lang='lat' dir='ltr'>locum</span> <span class='ocrx_word' id='word_1_82' title='bbox 819 1806 960 1876; x_wconf 88' lang='lat' dir='ltr'>habere</span> <span class='ocrx_word' id='word_1_83' title='bbox 976 1811 1099 1894; x_wconf 84' lang='lat' dir='ltr'>potest</span> <span class='ocrx_word' id='word_1_84' title='bbox 1117 1806 1301 1895; x_wconf 79' lang='lat' dir='ltr'>«quando</span> <span class='ocrx_word' id='word_1_85' title='bbox 1319 1825 1395 1875; x_wconf 87' lang='lat' dir='ltr'>ma·</span> 
     </span>
     <span class='ocr_line' id='line_1_14' title="bbox 165 1913 1399 1999; baseline -0.004 -12"><span class='ocrx_word' id='word_1_86' title='bbox 165 1917 380 1987; x_wconf 81' lang='lat' dir='ltr'>timonium</span> <span class='ocrx_word' id='word_1_87' title='bbox 404 1914 513 1985; x_wconf 85' lang='lat' dir='ltr'>tuerit</span> <span class='ocrx_word' id='word_1_88' title='bbox 535 1914 581 1985; x_wconf 85' lang='lat' dir='ltr'>de</span> <span class='ocrx_word' id='word_1_89' title='bbox 605 1913 707 1997; x_wconf 73' lang='lat' dir='ltr'>facto</span> <span class='ocrx_word' id='word_1_90' title='bbox 730 1921 981 1999; x_wconf 85' lang='lat' dir='ltr'>contractum,</span> <span class='ocrx_word' id='word_1_91' title='bbox 1006 1921 1042 1984; x_wconf 91' lang='lat' dir='ltr'>et</span> <span class='ocrx_word' id='word_1_92' title='bbox 1064 1915 1314 1985; x_wconf 87' lang='lat' dir='ltr'>intercesserit</span> <span class='ocrx_word' id='word_1_93' title='bbox 1351 1913 1399 1985; x_wconf 84' lang='lat' dir='ltr'>at-</span> 
     </span>
     <span class='ocr_line' id='line_1_15' title="bbox 165 2020 1397 2110; baseline -0.002 -17"><span class='ocrx_word' id='word_1_94' title='bbox 165 2023 282 2095; x_wconf 84' lang='lat' dir='ltr'>fectus</span> <span class='ocrx_word' id='word_1_95' title='bbox 307 2022 484 2094; x_wconf 89' lang='lat' dir='ltr'>maritalis</span> <span class='ocrx_word' id='word_1_96' title='bbox 508 2042 581 2092; x_wconf 90' lang='lat' dir='ltr'>una</span> <span class='ocrx_word' id='word_1_97' title='bbox 608 2041 696 2093; x_wconf 91' lang='lat' dir='ltr'>cum</span> <span class='ocrx_word' id='word_1_98' title='bbox 720 2020 1155 2092; x_wconf 71' lang='grc' dir='ltr'>0000000000000110ί</span> <span class='ocrx_word' id='word_1_99' title='bbox 1180 2027 1292 2110; x_wconf 82' lang='lat' dir='ltr'>atque</span> <span class='ocrx_word' id='word_1_100' title='bbox 1310 2023 1397 2091; x_wconf 92' lang='lat' dir='ltr'>unio</span> 
     </span>
     <span class='ocr_line' id='line_1_16' title="bbox 167 2127 1397 2217; baseline -0.002 -17"><span class='ocrx_word' id='word_1_101' title='bbox 167 2132 304 2203; x_wconf 81' lang='lat' dir='ltr'>habeat</span> <span class='ocrx_word' id='word_1_102' title='bbox 328 2132 612 2200; x_wconf 87' lang='lat' dir='ltr'>«extrinsecam</span> <span class='ocrx_word' id='word_1_103' title='bbox 637 2131 802 2217; x_wconf 87' lang='lat' dir='ltr'>speciem</span> <span class='ocrx_word' id='word_1_104' title='bbox 820 2127 877 2197; x_wconf 74' lang='lat' dir='ltr'>ina</span> <span class='ocrx_word' id='word_1_105' title='bbox 885 2127 911 2198; x_wconf 86' lang='lat' dir='ltr'>ti</span> <span class='ocrx_word' id='word_1_106' title='bbox 926 2127 1168 2215; x_wconf 80' lang='lat' dir='ltr'>matrimonii,</span> <span class='ocrx_word' id='word_1_107' title='bbox 1187 2148 1312 2217; x_wconf 85' lang='lat' dir='ltr'>neque</span> <span class='ocrx_word' id='word_1_108' title='bbox 1339 2148 1397 2199; x_wconf 90' lang='lat' dir='ltr'>co·</span> 
     </span>
     <span class='ocr_line' id='line_1_17' title="bbox 165 2234 925 2327; baseline -0.008 -18"><span class='ocrx_word' id='word_1_109' title='bbox 165 2239 252 2327; x_wconf 92' lang='lat' dir='ltr'>pula</span> <span class='ocrx_word' id='word_1_110' title='bbox 277 2236 387 2308; x_wconf 85' lang='lat' dir='ltr'>fuerit</span> <span class='ocrx_word' id='word_1_111' title='bbox 409 2235 606 2327; x_wconf 81' lang='lat' dir='ltr'>manifeste</span> <span class='ocrx_word' id='word_1_112' title='bbox 622 2234 875 2326; x_wconf 81' lang='lat' dir='ltr'>fornicaria»</span> <span class='ocrx_word' id='word_1_113' title='bbox 902 2234 925 2303; x_wconf 83' lang='lat'>².</span> 
     </span>
    </p>

    <p class='ocr_par' dir='ltr' id='par_1_4' title="bbox 165 2342 1402 3938">
     <span class='ocr_line' id='line_1_18' title="bbox 231 2342 1399 2432; baseline -0.002 -16"><span class='ocrx_word' id='word_1_114' title='bbox 231 2346 312 2416; x_wconf 91' lang='lat' dir='ltr'>Iam</span> <span class='ocrx_word' id='word_1_115' title='bbox 337 2363 426 2413; x_wconf 92' lang='lat' dir='ltr'>vero</span> <span class='ocrx_word' id='word_1_116' title='bbox 452 2345 730 2415; x_wconf 88' lang='lat' dir='ltr'>matrimonium</span> <span class='ocrx_word' id='word_1_117' title='bbox 756 2342 872 2430; x_wconf 85' lang='lat' dir='ltr'>ciuile,</span> <span class='ocrx_word' id='word_1_118' title='bbox 902 2344 1004 2432; x_wconf 88' lang='lat' dir='ltr'>quod</span> <span class='ocrx_word' id='word_1_119' title='bbox 1030 2344 1129 2414; x_wconf 91' lang='lat' dir='ltr'>malo</span> <span class='ocrx_word' id='word_1_120' title='bbox 1152 2342 1225 2415; x_wconf 87' lang='lat' dir='ltr'>fato</span> <span class='ocrx_word' id='word_1_121' title='bbox 1249 2345 1286 2414; x_wconf 95' lang='lat' dir='ltr'>in</span> <span class='ocrx_word' id='word_1_122' title='bbox 1322 2364 1399 2414; x_wconf 81' lang='lat' dir='ltr'>mo</span> 
     </span>
     <span class='ocr_line' id='line_1_19' title="bbox 167 2451 1400 2539; baseline -0.003 -15"><span class='ocrx_word' id='word_1_123' title='bbox 167 2472 251 2524; x_wconf 91' lang='lat' dir='ltr'>rum</span> <span class='ocrx_word' id='word_1_124' title='bbox 283 2451 570 2522; x_wconf 89' lang='lat' dir='ltr'>christianorum</span> <span class='ocrx_word' id='word_1_125' title='bbox 604 2451 751 2521; x_wconf 90' lang='lat' dir='ltr'>cladem</span> <span class='ocrx_word' id='word_1_126' title='bbox 784 2451 807 2537; x_wconf 78' lang='lat'>⁸,</span> <span class='ocrx_word' id='word_1_127' title='bbox 844 2452 1046 2539; x_wconf 90' lang='lat' dir='ltr'>impiorum</span> <span class='ocrx_word' id='word_1_128' title='bbox 1080 2451 1310 2522; x_wconf 70' lang='lat' dir='ltr'>molimine*</span> <span class='ocrx_word' id='word_1_129' title='bbox 1339 2453 1400 2523; x_wconf 91' lang='lat' dir='ltr'>ali·</span> 
     </span>
     <span class='ocr_line' id='line_1_20' title="bbox 165 2558 1399 2645; baseline -0.002 -15"><span class='ocrx_word' id='word_1_130' title='bbox 165 2562 250 2631; x_wconf 86' lang='lat' dir='ltr'>cubi</span> <span class='ocrx_word' id='word_1_131' title='bbox 275 2562 364 2631; x_wconf 94' lang='lat' dir='ltr'>olim</span> <span class='ocrx_word' id='word_1_132' title='bbox 387 2561 585 2645; x_wconf 85' lang='lat' dir='ltr'>invectum,</span> <span class='ocrx_word' id='word_1_133' title='bbox 610 2577 655 2629; x_wconf 88' lang='lat' dir='ltr'>ac</span> <span class='ocrx_word' id='word_1_134' title='bbox 679 2560 816 2628; x_wconf 85' lang='lat' dir='ltr'>nostris</span> <span class='ocrx_word' id='word_1_135' title='bbox 841 2559 944 2628; x_wconf 85' lang='lat' dir='ltr'>hisce</span> <span class='ocrx_word' id='word_1_136' title='bbox 967 2559 1200 2645; x_wconf 86' lang='lat' dir='ltr'>temporibus</span> <span class='ocrx_word' id='word_1_137' title='bbox 1223 2558 1300 2630; x_wconf 85' lang='lat' dir='ltr'>iere</span> <span class='ocrx_word' id='word_1_138' title='bbox 1324 2561 1399 2629; x_wconf 85' lang='lat' dir='ltr'>uhi-</span> 
     </span>
     <span class='ocr_line' id='line_1_21' title="bbox 165 2666 1399 2758; baseline -0.003 -19"><span class='ocrx_word' id='word_1_139' title='bbox 165 2688 239 2757; x_wconf 89' lang='lat' dir='ltr'>que</span> <span class='ocrx_word' id='word_1_140' title='bbox 262 2669 429 2758; x_wconf 83' lang='lat' dir='ltr'>gentium</span> <span class='ocrx_word' id='word_1_141' title='bbox 454 2668 651 2752; x_wconf 84' lang='lat' dir='ltr'>sancitum,</span> <span class='ocrx_word' id='word_1_142' title='bbox 674 2666 1003 2754; x_wconf 88' lang='lat' dir='ltr'>aequiparandum</span> <span class='ocrx_word' id='word_1_143' title='bbox 1028 2686 1115 2737; x_wconf 90' lang='lat' dir='ltr'>esse</span> <span class='ocrx_word' id='word_1_144' title='bbox 1139 2668 1286 2737; x_wconf 88' lang='lat' dir='ltr'>aiebant</span> <span class='ocrx_word' id='word_1_145' title='bbox 1301 2666 1399 2736; x_wconf 85' lang='lat' dir='ltr'>cian-</span> 
     </span>
     <span class='ocr_line' id='line_1_22' title="bbox 165 2773 1396 2862; baseline -0.002 -16"><span class='ocrx_word' id='word_1_146' title='bbox 165 2775 310 2846; x_wconf 80' lang='lat' dir='ltr'>destino</span> <span class='ocrx_word' id='word_1_147' title='bbox 335 2774 570 2846; x_wconf 90' lang='lat' dir='ltr'>matrimonio</span> <span class='ocrx_word' id='word_1_148' title='bbox 593 2773 740 2860; x_wconf 86' lang='lat' dir='ltr'>quoties</span> <span class='ocrx_word' id='word_1_149' title='bbox 762 2775 1026 2844; x_wconf 87' lang='lat' dir='ltr'>contrahentes</span> <span class='ocrx_word' id='word_1_150' title='bbox 1051 2775 1109 2844; x_wconf 90' lang='lat' dir='ltr'>vel</span> <span class='ocrx_word' id='word_1_151' title='bbox 1134 2792 1262 2845; x_wconf 87' lang='lat' dir='ltr'>errore</span> <span class='ocrx_word' id='word_1_152' title='bbox 1286 2776 1396 2862; x_wconf 86' lang='lat' dir='ltr'>ducti,</span> 
     </span>
     <span class='ocr_line' id='line_1_23' title="bbox 166 2881 1397 2970; baseline 0 -19"><span class='ocrx_word' id='word_1_153' title='bbox 166 2883 226 2955; x_wconf 92' lang='lat' dir='ltr'>vel</span> <span class='ocrx_word' id='word_1_154' title='bbox 250 2884 287 2951; x_wconf 93' lang='lat' dir='ltr'>in</span> <span class='ocrx_word' id='word_1_155' title='bbox 310 2888 480 2970; x_wconf 86' lang='lat' dir='ltr'>spretum</span> <span class='ocrx_word' id='word_1_156' title='bbox 503 2881 842 2952; x_wconf 85' lang='lat' dir='ltr'>ecclesiasticorum</span> <span class='ocrx_word' id='word_1_157' title='bbox 867 2900 1058 2952; x_wconf 90' lang='lat' dir='ltr'>canonum</span> <span class='ocrx_word' id='word_1_158' title='bbox 1075 2882 1201 2952; x_wconf 89' lang='lat' dir='ltr'>animo</span> <span class='ocrx_word' id='word_1_159' title='bbox 1217 2887 1397 2953; x_wconf 85' lang='lat' dir='ltr'>statutum</span> 
     </span>
     <span class='ocr_line' id='line_1_24' title="bbox 166 2989 1399 3086; baseline 0.001 -27"><span class='ocrx_word' id='word_1_160' title='bbox 166 2991 339 3076; x_wconf 79' lang='lat' dir='ltr'>habeant</span> <span class='ocrx_word' id='word_1_161' title='bbox 364 2990 445 3060; x_wconf 88' lang='lat' dir='ltr'>solo</span> <span class='ocrx_word' id='word_1_162' title='bbox 463 2997 553 3086; x_wconf 80' lang='lat' dir='ltr'>actu</span> <span class='ocrx_word' id='word_1_163' title='bbox 585 2989 679 3066; x_wconf 87' lang='lat' dir='ltr'>civili</span> <span class='ocrx_word' id='word_1_164' title='bbox 715 3008 803 3058; x_wconf 91' lang='lat' dir='ltr'>vere</span> <span class='ocrx_word' id='word_1_165' title='bbox 838 2990 1119 3059; x_wconf 89' lang='lat' dir='ltr'>matrimonium</span> <span class='ocrx_word' id='word_1_166' title='bbox 1155 2989 1256 3060; x_wconf 91' lang='lat' dir='ltr'>inire.</span> <span class='ocrx_word' id='word_1_167' title='bbox 1293 2991 1399 3061; x_wconf 86' lang='lat' dir='ltr'>Ultro</span> 
     </span>
     <span class='ocr_line' id='line_1_25' title="bbox 166 3095 1400 3185; baseline 0.001 -18"><span class='ocrx_word' id='word_1_168' title='bbox 166 3100 265 3168; x_wconf 93' lang='lat' dir='ltr'>enim</span> <span class='ocrx_word' id='word_1_169' title='bbox 291 3095 509 3185; x_wconf 85' lang='lat' dir='ltr'>fatebantur,</span> <span class='ocrx_word' id='word_1_170' title='bbox 534 3099 676 3168; x_wconf 89' lang='lat' dir='ltr'>nullam</span> <span class='ocrx_word' id='word_1_171' title='bbox 714 3096 938 3167; x_wconf 89' lang='lat' dir='ltr'>matrimonii</span> <span class='ocrx_word' id='word_1_172' title='bbox 974 3097 1138 3185; x_wconf 90' lang='lat' dir='ltr'>speciem</span> <span class='ocrx_word' id='word_1_173' title='bbox 1175 3096 1400 3185; x_wconf 80' lang='lat' dir='ltr'>nullumque</span> 
     </span>
     <span class='ocr_line' id='line_1_26' title="bbox 165 3204 1401 3277; baseline 0.002 -3"><span class='ocrx_word' id='word_1_174' title='bbox 165 3205 377 3276; x_wconf 90' lang='lat' dir='ltr'>naturalem</span> <span class='ocrx_word' id='word_1_175' title='bbox 400 3206 448 3275; x_wconf 92' lang='lat' dir='ltr'>ad</span> <span class='ocrx_word' id='word_1_176' title='bbox 473 3204 754 3275; x_wconf 88' lang='lat' dir='ltr'>matrimonium</span> <span class='ocrx_word' id='word_1_177' title='bbox 776 3222 1006 3274; x_wconf 87' lang='lat' dir='ltr'>consensum</span> <span class='ocrx_word' id='word_1_178' title='bbox 1032 3205 1161 3275; x_wconf 85' lang='lat' dir='ltr'>haberi</span> <span class='ocrx_word' id='word_1_179' title='bbox 1192 3207 1224 3274; x_wconf 90' lang='lat' dir='ltr'>si</span> <span class='ocrx_word' id='word_1_180' title='bbox 1258 3213 1401 3277; x_wconf 89' lang='lat' dir='ltr'>contra·</span> 
     </span>
     <span class='ocr_line' id='line_1_27' title="bbox 166 3311 1399 3401; baseline -0.001 -19"><span class='ocrx_word' id='word_1_181' title='bbox 166 3315 300 3384; x_wconf 84' lang='lat' dir='ltr'>nentes</span> <span class='ocrx_word' id='word_1_182' title='bbox 322 3312 411 3382; x_wconf 89' lang='lat' dir='ltr'>nihil</span> <span class='ocrx_word' id='word_1_183' title='bbox 434 3312 535 3383; x_wconf 87' lang='lat' dir='ltr'>aliud</span> <span class='ocrx_word' id='word_1_184' title='bbox 559 3312 695 3383; x_wconf 91' lang='lat' dir='ltr'>vellent</span> <span class='ocrx_word' id='word_1_185' title='bbox 729 3331 775 3381; x_wconf 88' lang='lat' dir='ltr'>ac</span> <span class='ocrx_word' id='word_1_186' title='bbox 809 3311 1065 3400; x_wconf 75' lang='lat' dir='ltr'>intelligerent</span> <span class='ocrx_word' id='word_1_187' title='bbox 1100 3332 1215 3401; x_wconf 80' lang='lat' dir='ltr'>quam</span> <span class='ocrx_word' id='word_1_188' title='bbox 1252 3313 1399 3383; x_wconf 90' lang='lat' dir='ltr'>civilem</span> 
     </span>
     <span class='ocr_line' id='line_1_28' title="bbox 166 3419 1400 3508; baseline -0.004 -17"><span class='ocrx_word' id='word_1_189' title='bbox 166 3439 349 3508; x_wconf 81' lang='lat' dir='ltr'>peragere</span> <span class='ocrx_word' id='word_1_190' title='bbox 372 3420 649 3491; x_wconf 88' lang='lat' dir='ltr'>caerimoniam.</span> <span class='ocrx_word' id='word_1_191' title='bbox 672 3453 695 3470; x_wconf 88' lang='lat'>-</span> <span class='ocrx_word' id='word_1_192' title='bbox 719 3419 758 3487; x_wconf 95' lang='lat' dir='ltr'>ln</span> <span class='ocrx_word' id='word_1_193' title='bbox 786 3419 898 3506; x_wconf 87' lang='lat' dir='ltr'>priori</span> <span class='ocrx_word' id='word_1_194' title='bbox 924 3437 1015 3507; x_wconf 82' lang='lat' dir='ltr'>ergo</span> <span class='ocrx_word' id='word_1_195' title='bbox 1045 3420 1243 3507; x_wconf 86' lang='lat' dir='ltr'>hypothesi</span> <span class='ocrx_word' id='word_1_196' title='bbox 1281 3420 1400 3489; x_wconf 91' lang='lat' dir='ltr'>matri·</span> 
     </span>
     <span class='ocr_line' id='line_1_29' title="bbox 168 3525 1399 3615; baseline -0.001 -20"><span class='ocrx_word' id='word_1_197' title='bbox 168 3529 338 3597; x_wconf 91' lang='lat' dir='ltr'>monium</span> <span class='ocrx_word' id='word_1_198' title='bbox 361 3527 466 3596; x_wconf 91' lang='lat' dir='ltr'>civile</span> <span class='ocrx_word' id='word_1_199' title='bbox 490 3527 811 3614; x_wconf 86' lang='lat' dir='ltr'>aequiparandum</span> <span class='ocrx_word' id='word_1_200' title='bbox 838 3532 897 3595; x_wconf 90' lang='lat' dir='ltr'>est</span> <span class='ocrx_word' id='word_1_201' title='bbox 911 3525 1143 3595; x_wconf 88' lang='lat' dir='ltr'>clandestino</span> <span class='ocrx_word' id='word_1_202' title='bbox 1158 3527 1340 3615; x_wconf 82' lang='lat' dir='ltr'>coniugio.</span> <span class='ocrx_word' id='word_1_203' title='bbox 1359 3527 1399 3594; x_wconf 94' lang='grc'>10</span> 
     </span>
     <span class='ocr_line' id='line_1_30' title="bbox 166 3631 1402 3722; baseline -0.002 -19"><span class='ocrx_word' id='word_1_204' title='bbox 166 3631 263 3704; x_wconf 79' lang='grc'>010111</span> <span class='ocrx_word' id='word_1_205' title='bbox 283 3635 467 3722; x_wconf 89' lang='lat' dir='ltr'>siquidem</span> <span class='ocrx_word' id='word_1_206' title='bbox 484 3631 642 3722; x_wconf 74' lang='lat' dir='ltr'>foedere</span> <span class='ocrx_word' id='word_1_207' title='bbox 665 3641 767 3703; x_wconf 87' lang='lat' dir='ltr'>extat</span> <span class='ocrx_word' id='word_1_208' title='bbox 794 3632 917 3701; x_wconf 79' lang='lat' dir='ltr'>serius</span> <span class='ocrx_word' id='word_1_209' title='bbox 954 3633 1257 3703; x_wconf 77' lang='lat' dir='ltr'>contrahentium</span> <span class='ocrx_word' id='word_1_210' title='bbox 1295 3638 1402 3702; x_wconf 88' lang='lat' dir='ltr'>nata·</span> 
     </span>
     <span class='ocr_line' id='line_1_31' title="bbox 167 3737 1400 3830; baseline -0.001 -21"><span class='ocrx_word' id='word_1_211' title='bbox 167 3740 259 3812; x_wconf 77' lang='lat' dir='ltr'>ralis</span> <span class='ocrx_word' id='word_1_212' title='bbox 283 3739 705 3830; x_wconf 75' lang='grc'>000000000010000100</span> <span class='ocrx_word' id='word_1_213' title='bbox 728 3737 961 3818; x_wconf 81' lang='lat' dir='ltr'>matrimonii</span> <span class='ocrx_word' id='word_1_214' title='bbox 982 3739 1028 3809; x_wconf 86' lang='lat' dir='ltr'>de</span> <span class='ocrx_word' id='word_1_215' title='bbox 1044 3738 1156 3828; x_wconf 82' lang='lat' dir='ltr'>sacto</span> <span class='ocrx_word' id='word_1_216' title='bbox 1180 3738 1275 3826; x_wconf 84' lang='lat' dir='ltr'>initi,</span> <span class='ocrx_word' id='word_1_217' title='bbox 1297 3740 1400 3830; x_wconf 87' lang='lat' dir='ltr'>quod</span> 
     </span>
     <span class='ocr_line' id='line_1_32' title="bbox 168 3846 1399 3938; baseline 0.002 -22"><span class='ocrx_word' id='word_1_218' title='bbox 168 3850 318 3919; x_wconf 91' lang='lat' dir='ltr'>nemine</span> <span class='ocrx_word' id='word_1_219' title='bbox 341 3846 550 3938; x_wconf 78' lang='lat' dir='ltr'>refragante</span> <span class='ocrx_word' id='word_1_220' title='bbox 582 3847 747 3919; x_wconf 87' lang='lat' dir='ltr'>validum</span> <span class='ocrx_word' id='word_1_221' title='bbox 777 3848 930 3935; x_wconf 79' lang='lat' dir='ltr'>qrridem</span> <span class='ocrx_word' id='word_1_222' title='bbox 965 3853 1023 3916; x_wconf 93' lang='lat' dir='ltr'>est</span> <span class='ocrx_word' id='word_1_223' title='bbox 1060 3849 1121 3917; x_wconf 85' lang='lat' dir='ltr'>ubi</span> <span class='ocrx_word' id='word_1_224' title='bbox 1158 3848 1399 3918; x_wconf 85' lang='lat' dir='ltr'>tridentinum</span> 
     </span>
    </p>
   </div>
   <div class='ocr_carea' id='block_1_3' title="bbox 170 4018 1403 4684">
    <p class='ocr_par' dir='ltr' id='par_1_5' title="bbox 237 4018 1116 4096">
     <span class='ocr_line' id='line_1_33' title="bbox 237 4018 1116 4096; baseline -0.002 -16"><span class='ocrx_word' id='word_1_225' title='bbox 237 4021 246 4055; x_wconf 92' lang='lat'>¹</span> <span class='ocrx_word' id='word_1_226' title='bbox 270 4020 430 4080; x_wconf 80' lang='lat' dir='ltr'>Benedici.</span> <span class='ocrx_word' id='word_1_227' title='bbox 454 4020 528 4080; x_wconf 85' lang='lat' dir='ltr'>XIV</span> <span class='ocrx_word' id='word_1_228' title='bbox 551 4025 675 4095; x_wconf 81' lang='lat' dir='ltr'>quaeat.</span> <span class='ocrx_word' id='word_1_229' title='bbox 699 4035 818 4077; x_wconf 86' lang='lat' dir='ltr'>canon.</span> <span class='ocrx_word' id='word_1_230' title='bbox 846 4018 902 4076; x_wconf 88' lang='grc'>74.</span> <span class='ocrx_word' id='word_1_231' title='bbox 922 4019 946 4094; x_wconf 67' lang='lat'>&#39;5</span> <span class='ocrx_word' id='word_1_232' title='bbox 966 4038 1116 4096; x_wconf 76' lang='lat' dir='ltr'>utrinqne.</span> 
     </span>
    </p>

    <p class='ocr_par' dir='ltr' id='par_1_6' title="bbox 235 4113 1024 4193">
     <span class='ocr_line' id='line_1_34' title="bbox 235 4113 1024 4193; baseline -0.001 -16"><span class='ocrx_word' id='word_1_233' title='bbox 235 4116 354 4177; x_wconf 72' lang='lat' dir='ltr'>&#39;Idem</span> <span class='ocrx_word' id='word_1_234' title='bbox 377 4119 416 4176; x_wconf 87' lang='lat' dir='ltr'>de</span> <span class='ocrx_word' id='word_1_235' title='bbox 438 4117 568 4193; x_wconf 81' lang='lat' dir='ltr'>Synodo</span> <span class='ocrx_word' id='word_1_236' title='bbox 591 4118 645 4174; x_wconf 84' lang='lat' dir='ltr'>lid.</span> <span class='ocrx_word' id='word_1_237' title='bbox 674 4116 726 4174; x_wconf 82' lang='lat'>15.</span> <span class='ocrx_word' id='word_1_238' title='bbox 750 4135 821 4192; x_wconf 79' lang='lat' dir='ltr'>cap.</span> <span class='ocrx_word' id='word_1_239' title='bbox 848 4113 905 4175; x_wconf 84' lang='lat'>21.</span> <span class='ocrx_word' id='word_1_240' title='bbox 931 4136 965 4175; x_wconf 91' lang='grc'>0.</span> <span class='ocrx_word' id='word_1_241' title='bbox 993 4115 1024 4176; x_wconf 89' lang='grc'>7.</span> 
     </span>
    </p>

    <p class='ocr_par' dir='ltr' id='par_1_7' title="bbox 170 4213 1403 4474">
     <span class='ocr_line' id='line_1_35' title="bbox 235 4213 1403 4294; baseline 0.002 -19"><span class='ocrx_word' id='word_1_242' title='bbox 235 4215 248 4252; x_wconf 77' lang='lat'><strong>⁸</strong></span> <span class='ocrx_word' id='word_1_243' title='bbox 269 4214 336 4275; x_wconf 83' lang='lat' dir='ltr'>Glr.</span> <span class='ocrx_word' id='word_1_244' title='bbox 360 4215 571 4275; x_wconf 82' lang='lat' dir='ltr'>doctissimam</span> <span class='ocrx_word' id='word_1_245' title='bbox 594 4213 683 4274; x_wconf 79' lang='lat' dir='ltr'>SSnii</span> <span class='ocrx_word' id='word_1_246' title='bbox 705 4215 743 4273; x_wconf 90' lang='lat' dir='ltr'>D.</span> <span class='ocrx_word' id='word_1_247' title='bbox 757 4213 797 4274; x_wconf 92' lang='lat' dir='ltr'>N.</span> <span class='ocrx_word' id='word_1_248' title='bbox 814 4214 928 4275; x_wconf 79' lang='lat' dir='ltr'>Leonis</span> <span class='ocrx_word' id='word_1_249' title='bbox 950 4215 1015 4273; x_wconf 89' lang='grc' dir='ltr'>ΡΡ.</span> <span class='ocrx_word' id='word_1_250' title='bbox 1032 4215 1108 4275; x_wconf 86' lang='lat' dir='ltr'>XIII</span> <span class='ocrx_word' id='word_1_251' title='bbox 1123 4216 1288 4293; x_wconf 83' lang='lat' dir='ltr'>epistolam</span> <span class='ocrx_word' id='word_1_252' title='bbox 1309 4235 1403 4294; x_wconf 82' lang='lat' dir='ltr'>ency-</span> 
     </span>
     <span class='ocr_line' id='line_1_36' title="bbox 171 4312 1401 4391; baseline 0.002 -18"><span class='ocrx_word' id='word_1_253' title='bbox 171 4314 292 4386; x_wconf 82' lang='lat' dir='ltr'>clicam,</span> <span class='ocrx_word' id='word_1_254' title='bbox 308 4331 386 4390; x_wconf 84' lang='lat' dir='ltr'>quae</span> <span class='ocrx_word' id='word_1_255' title='bbox 401 4314 528 4391; x_wconf 85' lang='lat' dir='ltr'>incipit:</span> <span class='ocrx_word' id='word_1_256' title='bbox 545 4312 719 4371; x_wconf 85' lang='lat' dir='ltr'>Arcanum</span> <span class='ocrx_word' id='word_1_257' title='bbox 734 4312 871 4371; x_wconf 85' lang='lat' dir='ltr'>divinae</span> <span class='ocrx_word' id='word_1_258' title='bbox 886 4315 1071 4387; x_wconf 76' lang='lat' dir='ltr'>sapientiae</span> <span class='ocrx_word' id='word_1_259' title='bbox 1086 4315 1277 4384; x_wconf 82' lang='lat' dir='ltr'>consilinm,</span> <span class='ocrx_word' id='word_1_260' title='bbox 1296 4316 1401 4376; x_wconf 83' lang='lat' dir='ltr'>datam</span> 
     </span>
     <span class='ocr_line' id='line_1_37' title="bbox 170 4408 638 4474; baseline -0.004 -3"><span class='ocrx_word' id='word_1_261' title='bbox 170 4412 219 4472; x_wconf 89' lang='lat' dir='ltr'>die</span> <span class='ocrx_word' id='word_1_262' title='bbox 240 4411 278 4473; x_wconf 91' lang='lat'>10</span> <span class='ocrx_word' id='word_1_263' title='bbox 299 4412 451 4474; x_wconf 77' lang='lat' dir='ltr'>februarii</span> <span class='ocrx_word' id='word_1_264' title='bbox 474 4430 524 4471; x_wconf 86' lang='lat' dir='ltr'>an.</span> <span class='ocrx_word' id='word_1_265' title='bbox 550 4408 638 4470; x_wconf 86' lang='grc'>1880.</span> 
     </span>
    </p>

    <p class='ocr_par' dir='ltr' id='par_1_8' title="bbox 172 4509 1398 4684">
     <span class='ocr_line' id='line_1_38' title="bbox 235 4509 1398 4572; baseline 0.002 -4"><span class='ocrx_word' id='word_1_266' title='bbox 235 4510 248 4548; x_wconf 81' lang='lat'>⁴</span> <span class='ocrx_word' id='word_1_267' title='bbox 273 4510 351 4570; x_wconf 87' lang='lat' dir='ltr'>Vide</span> <span class='ocrx_word' id='word_1_268' title='bbox 383 4512 536 4570; x_wconf 78' lang='lat' dir='ltr'>Perroner</span> <span class='ocrx_word' id='word_1_269' title='bbox 571 4509 618 4567; x_wconf 87' lang='lat' dir='ltr'>De</span> <span class='ocrx_word' id='word_1_270' title='bbox 644 4509 855 4567; x_wconf 78' lang='lat' dir='ltr'>matrimonio</span> <span class='ocrx_word' id='word_1_271' title='bbox 891 4510 1073 4568; x_wconf 76' lang='lat' dir='ltr'>christiano</span> <span class='ocrx_word' id='word_1_272' title='bbox 1102 4511 1155 4568; x_wconf 83' lang='lat' dir='ltr'>lib.</span> <span class='ocrx_word' id='word_1_273' title='bbox 1195 4514 1225 4572; x_wconf 89' lang='grc'>1.</span> <span class='ocrx_word' id='word_1_274' title='bbox 1258 4519 1333 4571; x_wconf 79' lang='lat' dir='ltr'>sect.</span> <span class='ocrx_word' id='word_1_275' title='bbox 1365 4514 1398 4572; x_wconf 86' lang='lat'>2.</span> 
     </span>
     <span class='ocr_line' id='line_1_39' title="bbox 172 4607 1129 4684; baseline -0.001 -18"><span class='ocrx_word' id='word_1_276' title='bbox 172 4626 242 4684; x_wconf 85' lang='lat' dir='ltr'>cap.</span> <span class='ocrx_word' id='word_1_277' title='bbox 265 4611 299 4670; x_wconf 77' lang='lat'>2.</span> <span class='ocrx_word' id='word_1_278' title='bbox 324 4609 365 4667; x_wconf 85' lang='lat' dir='ltr'>de</span> <span class='ocrx_word' id='word_1_279' title='bbox 386 4608 595 4665; x_wconf 80' lang='lat' dir='ltr'>matrimonii</span> <span class='ocrx_word' id='word_1_280' title='bbox 614 4607 723 4665; x_wconf 77' lang='lat' dir='ltr'>cicilia</span> <span class='ocrx_word' id='word_1_281' title='bbox 743 4609 873 4682; x_wconf 80' lang='lat' dir='ltr'>oripine</span> <span class='ocrx_word' id='word_1_282' title='bbox 895 4614 925 4664; x_wconf 85' lang='lat' dir='ltr'>et</span> <span class='ocrx_word' id='word_1_283' title='bbox 942 4624 1129 4681; x_wconf 77' lang='lat' dir='ltr'>propresaa.</span> 
     </span>
    </p>
   </div>
   <div class='ocr_carea' id='block_1_4' title="bbox 0 0 1771 5317">
    <p class='ocr_par' dir='ltr' id='par_1_9' title="bbox 0 0 1771 5317">
     <span class='ocr_line' id='line_1_40' title="bbox 0 0 1771 5317; baseline 0 0"><span class='ocrx_word' id='word_1_284' title='bbox 0 0 1771 5317; x_wconf 95' lang='lat' dir='ltr'> </span> 
     </span>
    </p>
   </div>
  </div>
 </body>
</html>
