3509 5317
676 510 834 571 ..85-

142 672 160 714 ‹
185 651 293 720 mites
316 669 513 721 sacrorum
527 669 721 721 canonum
737 668 869 719 severe
895 648 1105 736 puniantur,
1123 656 1164 718 ut
1186 668 1283 737 quos
1297 657 1372 721 stn-

141 758 288 826 «dium
321 758 531 830 servandae
562 757 778 844 disciplinae
806 775 852 826 ac
883 774 992 825 amor
1025 757 1271 828 continentiae
1294 777 1370 828 non

141 870 321 947 «movet
347 865 405 935 vel
429 884 641 953 poenarum
665 866 777 935 timor
800 870 1051 950 compescat»
1079 863 1100 931 ¹.

204 976 260 1042 22.
285 973 534 1043 Nihilominus
558 977 707 1059 praeter
732 972 1037 1042 constitutionem
1064 972 1144 1042 Etsi
1163 973 1370 1063 pastoralis

139 1080 325 1148 Benedicti
349 1080 448 1162 XIV,
472 1100 571 1167 quae
594 1080 692 1149 irrita
722 1078 847 1148 statuit
870 1078 1216 1166 matrimoniapost
1238 1100 1371 1150 sacros

139 1184 298 1255 Ordines
322 1186 371 1254 ab
395 1186 656 1257 italo-Graecis
679 1186 775 1271 inita,
801 1184 1038 1272 provincialis
1057 1186 1168 1255 etiam
1192 1186 1371 1274 Synodus

137 1289 402 1360 Zamoscensis
425 1290 523 1360 idem
549 1311 618 1380 pro
644 1291 827 1362 Ruthenis
850 1290 1016 1360 decrevit
1039 1292 1097 1361 his
1121 1293 1262 1362 verbis:
1290 1315 1308 1357 «
1332 1293 1369 1363 Si

138 1396 225 1483 quis
248 1397 444 1485 presbyter
467 1405 553 1485 post
575 1400 728 1470 collatos
744 1398 902 1468 Ordines
918 1399 1155 1468 matrimonio
1178 1399 1289 1487 iungi,
1306 1405 1373 1468 aut

137 1503 263 1589 prima
287 1518 408 1573 uxore
422 1505 607 1592 defuncta,
625 1509 812 1578 secundas
825 1507 987 1576 incestas
1002 1507 1152 1594 nuptias
1164 1506 1255 1575 inire
1268 1524 1373 1593 prae

137 1610 353 1711 sumpserit,
385 1628 453 1699 per
476 1613 683 1701 Episcopus
712 1636 734 1699 a
758 1615 1028 1684 communione
1051 1620 1164 1701 atque
1186 1612 1292 1682 altari
1316 1632 1370 1682 ar-

137 1724 277 1804 ceatur,
302 1721 508 1806 captivetur
532 1732 568 1791 et
591 1723 672 1793 aliis
695 1723 827 1811 poenis
843 1722 1035 1791 canonicis
1050 1721 1241 1807 afficiatur,
1261 1726 1373 1809 utpe·

137 1825 328 1911 regrinam
357 1829 604 1917 spuriumque
631 1831 932 1901 coniunctionem
959 1828 1109 1899 αὸίιὶὶιὶιε
1125 1852 1145 1894 a
1163 1828 1186 1897 ².
1214 1867 1234 1878 -
1266 1830 1370 1900 Idem

136 1936 173 1999 et
196 1933 433 2016 provincialis
465 1935 643 2021 Synodus
667 1937 888 2006 Libanensis
918 1950 986 2024 pro
1012 1937 1205 2006 Maronitis
1235 1937 1371 2007 diserte

136 2039 283 2107 statuit:
311 2060 329 2102 α
353 2042 504 2111 Nonum
528 2044 837 2131 impedimentum
864 2046 947 2130 (est)
964 2045 1111 2114 Ordinis
1134 2046 1240 2131 sacri,
1265 2046 1369 2113 nimi·

138 2162 223 2212 rum
249 2146 285 2213 in
311 2149 475 2220 Ecclesia
503 2157 630 2222 nostra
655 2158 740 2240 post
769 2164 988 2240 susceptum
1021 2153 1282 2239 Diaconatum,
1307 2153 1369 2240 qui

137 2251 286 2336 primus
309 2254 402 2324 iuter
425 2276 557 2329 sacros
580 2258 738 2348 Ordines
754 2265 820 2345 est,
837 2260 1115 2329 Subdiaconatu
1141 2260 1234 2329 inter
1258 2262 1371 2329 mino

137 2370 199 2421 res
223 2365 453 2445 computato.
478 2362 628 2431 Diaconi
653 2364 762 2449 enim,
789 2364 1001 2450 Presbyteri
1025 2368 1061 2433 et
1085 2364 1257 2452 Episcopi
1286 2371 1372 2452 post

137 2471 338 2552 susceptos
370 2467 536 2556 Ordines
569 2470 713 2538 irritum
749 2483 806 2540 est
836 2486 873 2540 et
906 2470 1051 2539 nullum
1089 2470 1371 2565 matrimonium

136 2575 241 2661 quiid
276 2578 500 2647 contrahere
535 2577 860 2665 praesumpserint
879 2601 898 2641 a
917 2576 940 2645 ⁸.
977 2579 1022 2646 Vi
1045 2596 1159 2666 porro
1191 2580 1372 2665 approba-

138 2682 260 2757 tionis.
287 2687 327 2752 ut
348 2703 467 2772 supra
489 2687 676 2770 annotavi,
702 2686 737 2753 in
762 2684 886 2755 forma
901 2684 1074 2773 specifica
1092 2685 1201 2755 datae
1217 2686 1266 2755 ab
1282 2704 1368 2773 apo-

138 2791 266 2860 stolica
296 2792 392 2861 Sede
426 2793 563 2862 harum
598 2792 840 2881 synodorum
876 2793 1048 2876 decretis
1084 2793 1319 2862 matrimonia
1348 2813 1368 2862 a

137 2897 339 2984 praedictis
363 2900 447 2969 inita
477 2899 626 2970 Clericis
649 2905 738 2969 sunt
760 2900 912 2988 quidem
938 2900 1048 2986 irrita,
1073 2900 1280 2969 dirimentis
1309 2900 1372 2968 im·

138 3005 340 3090 pedimenti
367 3006 515 3076 ratione.

203 3116 260 3183 23.
287 3115 381 3195 Quid
408 3132 519 3200 porro
534 3114 736 3184 dicendum
752 3114 800 3184 de
816 3113 1052 3184 matrimonio
1062 3119 1149 3203 post
1160 3113 1370 3183 solemnem

138 3218 352 3310 relipiosom
367 3219 640 3309 professionem
655 3224 866 3291 contractol
895 3258 916 3269 -
944 3222 1094 3290 Certum
1119 3219 1372 3307 exploratum·

138 3333 296 3415 quaest,
313 3328 425 3396 etiam
441 3329 543 3416 apud
561 3327 766 3398 Orientales
782 3328 977 3415 Ecclesiae,
1003 3327 1149 3396 nullum
1166 3336 1203 3397 et
1224 3327 1368 3395 irritum

138 3454 225 3505 esse
250 3435 528 3504 matrimonium
556 3435 685 3505 initum
710 3455 779 3504 seu
808 3436 932 3523 potius
955 3438 1172 3503 attentatum
1198 3453 1219 3502 a
1246 3434 1371 3500 Mona·

138 3538 219 3607 chis
244 3538 303 3605 vel
328 3537 551 3606 Monialibus
576 3545 659 3623 post
682 3538 864 3623 emissum
889 3535 1059 3605 solemne
1087 3541 1291 3623 perpetuae
1315 3554 1371 3604 ca·

138 3645 271 3715 stitatis
294 3655 425 3712 votum
451 3644 486 3710 in
511 3642 743 3730 professione
760 3643 943 3731 religiosa.
961 3641 999 3709 ld
1018 3661 1068 3712 ex
1092 3641 1263 3728 pluribus
1280 3640 1371 3710 erui·

139 3757 197 3820 tur
221 3751 469 3820 documentis.
494 3751 538 3819 Et
561 3751 723 3838 primum
750 3751 893 3819 eruitur
916 3769 967 3821 ex
990 3751 1097 3819 citata
1121 3748 1274 3836 Synodo
1298 3751 1372 3818 Ma·

206 4027 216 4064 ¹
239 4027 320 4086 Vide
342 4028 421 4087 hano
442 4027 597 4087 eruditam
618 4028 878 4087 Instructiooem
900 4028 961 4087 diei
985 4025 1029 4083 24
1051 4028 1167 4084 martii
1185 4025 1275 4081 1858
1292 4026 1371 4102 apud

138 4125 394 4202 dury-oretani,
419 4125 551 4193 theodor).
584 4125 699 4184 moral.
725 4132 747 4183 t.
771 4123 804 4184 2.
829 4125 942 4184 adnot.
966 4132 1043 4182 nota
1074 4123 1114 4182 B.
1142 4138 1219 4199 pay.
1246 4121 1315 4178 638
1343 4130 1374 4180 et

137 4242 222 4300 seqq.
247 4223 323 4283 odit.
348 4224 464 4283 Romae
488 4221 575 4281 1875.
746 4230 748 4233 '
1020 4210 1022 4212 ’

203 4312 390 4399 ”synodus
410 4322 624 4382 Rutheuorum
650 4322 759 4382 habita
795 4322 825 4380 in
855 4321 946 4382 civit.
971 4319 1147 4380 Zamoseiae
1177 4338 1234 4378 aa.
1270 4318 1368 4376 1720.

137 4424 183 4480 tit.
211 4420 243 4478 3.
269 4420 289 4495 ἓ
311 4419 342 4478 8.
366 4437 443 4494 pop.
474 4417 548 4477 113.
574 4423 606 4479 el
626 4419 706 4480 citat
728 4418 884 4494 Synodum
907 4419 1025 4485 Quinis.
1050 4436 1127 4477 can.
1153 4419 1183 4475 3.

202 4517 382 4594 ”synodus
427 4517 653 4578 Maronitarum
686 4504 802 4578 habita'
826 4518 857 4577 in
889 4521 993 4576 monte
1023 4517 1141 4575 Libano
1173 4535 1231 4574 aa.
1269 4514 1369 4573 1736.

130 4628 220 4696 part.
247 4617 283 4675 2.
307 4635 380 4693 cap.
411 4617 461 4675 11.
486 4617 506 4692 g
527 4616 559 4674 8.
585 4635 619 4674 o.
644 4616 704 4675 IX.
