3509 5317
1379 450 1734 510 ...327-

325 587 809 674 concupierat
853 588 1195 675 explevit.
1247 588 1394 658 Sed
1442 605 1619 656 cum
1665 607 1766 657 ex
1812 582 2276 658 evidentibus
2308 585 2559 674 signis,
2594 584 2788 671 quae

324 694 600 763 ibidem
667 696 989 782 exponit,
1071 695 1469 765 incredibili
1542 695 1656 764 sui
1728 695 2217 764 admiratione
2299 698 2371 764 et
2439 707 2785 760 moerore

323 802 993 887 animadvertisset,
1042 821 1127 871 se
1172 802 1588 873 deflorasse
1623 804 1984 892 virginem
2025 796 2410 885 intactam,¹
2431 801 2656 871 anxie
2689 800 2781 868 ah

324 926 411 978 ea
463 909 862 996 requisivit,
912 928 1065 996 qua
1111 910 1394 979 ratione
1454 929 1605 978 non
1665 907 1882 981 fuerit
1928 930 1966 978 a
2045 907 2218 978 Caio
2287 907 2670 977 deflorata:
2721 920 2789 972 ei.

325 1014 443 1084 illa
495 1017 819 1103 ingenue
866 1016 930 1084 ei
998 1015 1204 1085 fassa
1247 1013 1399 1101 fuit,
1471 1018 1903 1104 nuperrime
1982 1034 2118 1104 per
2166 1025 2319 1084 tres
2394 1014 2781 1083 continuos·

324 1120 487 1191 dies
535 1123 947 1193 subiectam
994 1120 1226 1193 fuisse
1272 1125 1466 1210 Cai0,
1516 1125 1641 1211 qui
1688 1143 1865 1194 cum
1914 1142 2063 1192 non
2100 1121 2781 1193 valueritinanibus

323 1229 720 1300 conatibus
765 1229 1075 1317 aliisque
1106 1231 1684 1318 turpitudinibus
1722 1250 1894 1300 eam
1942 1230 2333 1312 deflorare,
2404 1227 2785 1298 morsibus

324 1336 677 1406 eamdem
725 1347 1075 1424 appetere
1123 1357 1274 1406 non
1324 1339 1781 1407 erubescens
1813 1337 2200 1425 dereliquit
2234 1334 2777 1426 (Act.foll.163—

328 1447 419 1514 69
466 1449 542 1513 et
590 1443 712 1523 fol.
760 1448 861 1512 25
911 1447 1120 1533 tery.)
1166 1483 1212 1492 -
1256 1445 1495 1515 Testis
1541 1451 1656 1515 est
1703 1445 1971 1531 Ioseph
2020 1463 2119 1513 ex
2185 1442 2521 1514 familiari
2588 1443 2781 1512 Sila-*ii

324 1549 921 1620 manifestatione
968 1551 1062 1620 de
1109 1551 1257 1619 Caii
1307 1550 1664 1621 inefficaci
1714 1551 2231 1638 experimento
2273 1550 2346 1617 in
2382 1550 2545 1618 loco
2579 1548 2785 1618 luxu-

323 1661 501 1746 riae,
549 1669 623 1730 et
667 1679 759 1729 en
809 1661 970 1729 eius
1020 1660 1283 1729 verba:
1335 1659 1398 1727 Il
1448 1658 1716 1749 δι’,φιοιο
1767 1658 2016 1743 Siluio,
2069 1657 2262 1744 dicO,
2346 1657 2781 1747 affermarss

322 1766 826 1837 decisamente
871 1769 1004 1837 che
1050 1767 1103 1835 il
1152 1766 1295 1856 δίῃ.
1357 1767 1538 1837 Caio
1581 1786 1718 1837 era
1742 1766 2354 1854 organicamente
2386 1764 2785 1855 ίτηροτεεηε,ῌ

326 1895 364 1944 e
411 1895 507 1944 ne
552 1874 883 1945 addasse
923 1888 1066 1964 per
1107 1893 1386 1964 proca,
1425 1876 1556 1944 che
1588 1873 1894 1944 recatisi
1921 1872 2298 1943 entrambi
2323 1872 2400 1940 in
2435 1894 2536 1942 an
2571 1873 2785 1960 [noge-s

324 1983 406 2053 di
443 1982 1012 2072 prostituzione‚
1070 2001 1203 2052 oue
1249 2000 1487 2052 erano
1535 1982 1759 2052 molte
1791 1982 2171 2071 leggiadr’e
2203 2001 2565 2071 rayazze,
2615 1980 2785 2051 Caio

322 2098 777 2162 nonestante
821 2091 1101 2161 rimase
1159 2090 1652 2180 impassibile,
1706 2112 1745 2160 e
1793 2090 1980 2160 nello
2029 2096 2229 2160 stato
2299 2089 2410 2162 dc?
2448 2088 2777 2178 perfetta

326 2198 692 2269 inazione.
744 2199 859 2270 Ed
903 2199 975 2269 io
1021 2218 1204 2268 sono
1238 2199 1761 2269 'intimamente
1808 2196 2153 2269 convinto
2201 2197 2284 2269 di
2311 2197 2614 2288 affatta.
2645 2218 2781 2265 sim

332 2305 699 2395 organica
745 2305 1199 2395 impotenza,
1250 2326 1393 2396 per
1439 2327 1626 2376 aver
1673 2325 1971 2395 sempre
2017 2300 2255 2376 inleso
2299 2305 2462 2376 dire
2493 2305 2574 2377 di
2601 2327 2785 2376 aues·

330 2413 481 2502 egli
522 2414 927 2504 adoperatc'
951 2414 1346 2504 farmaehi
1392 2413 1473 2484 di
1516 2414 1725 2483 varie
1773 2413 2038 2504 specie,
2104 2433 2285 2484 care
2345 2412 2785 2504 idroterapr'-

328 2522 483 2608 che,
534 2542 573 2591 e
621 2522 700 2591 di
743 2541 926 2592 aver
974 2523 1395 2592 consultam
1457 2522 1912 2591 inutilmente
1983 2521 2176 2591 varii
2249 2519 2672 2611 professori
2713 2524 2777 2588 ἐκ

331 2626 697 2699 medicina
747 2632 938 2713 (Act.
957 2629 1125 2720 foll.
1182 2632 1457 2712 71—72).
1506 2632 1592 2699 Et
1641 2631 1828 2698 haec
1872 2629 2212 2716 explicita
2261 2648 2351 2698 ac
2409 2631 2645 2701 iurata
2693 2644 2789 2700 at—

331 2738 621 2807 testatio
672 2738 877 2806 nullo
927 2732 1141 2825 pacto
1189 2736 1628 2825 infirmatur,
1693 2743 1773 2806 ut
1817 2744 2016 2822 put0‚
2096 2735 2454 2822 quidquid
2525 2737 2596 2804 in
2646 2755 2777 2805 sun

326 2844 623 2930 ancipiti
693 2844 1152 2931 depositione
1223 2846 1422 2913 dicat
1478 2842 1858 2931 praefatus
1926 2844 2199 2914 Silvius
2275 2844 2420 2915 Caii
2494 2845 2785 2912 amicus

324 2949 520 3040 (Cfr.
570 2950 731 3018 Act.
749 2948 916 3038 foll.
968 2954 1196 3020 76-77
1240 2950 1398 3020 coll.
1447 2970 1616 3020 cum
1648 2950 1789 3040 fol.
1836 2953 1986 3032 26).
2032 2989 2077 2998 -
2124 2951 2361 3021 Testis
2394 2952 2488 3020 de
2521 2951 2781 3019 eadem

324 3059 757 3146 impotentia
805 3065 918 3130 est
962 3060 1396 3131 Vincentius
1443 3080 1540 3130 ex
1605 3060 1872 3130 eadem
1944 3061 2169 3130 inutili
2241 3058 2693 3147 experientia
2745 3084 2777 3124 :a

326 3165 501 3236 Caio
543 3171 840 3253 peracta
888 3169 981 3236 ad
1033 3187 1193 3238 rem
1246 3169 1670 3240 habendam
1717 3188 1894 3239 cum
1944 3168 2241 3256 femina,
2290 3188 2520 3257 quam
2557 3175 2661 3238 tot
2693 3172 2785 3236 in-

326 3279 436 3343 ter
484 3274 828 3361 elegerat,
877 3276 1125 3344 inalio
1174 3277 1390 3346 simili
1425 3297 1744 3348 venereo
1783 3278 1943 3347 loco
1977 3279 2283 3348 civitatis
2316 3278 2388 3347 C.
2425 3298 2574 3348 una
2609 3296 2782 3346 cum

325 3383 662 3470 quodam
709 3403 850 3453 suo
897 3387 1447 3475 amicO‚-quem
1517 3385 1666 3455 fide
1734 3387 2262 3473 dignissimum
2334 3386 2523 3471 dicit,
2572 3387 2785 3455 cuim-2:

327 3497 580 3561 tamen
632 3510 908 3563 nomen
960 3494 1477 3565 observantiae
1512 3513 1740 3565 causa
1794 3494 2026 3563 noluit
2055 3494 2376 3581 prodere
2408 3496 2601 3575 (Aet.
2641 3492 2781 3582 fit?-

329 3601 467 3684 75).
515 3636 564 3646 -
608 3600 847 3670 Testis
880 3606 992 3671 est
1022 3601 1347 3671 Aloisius
1394 3602 1520 3689 qui
1568 3621 1666 3671 ex
1704 3601 2068 3672 evidentia
2114 3601 2564 3688 proprioque
2596 3599 2781 3669 facti:

325 3706 648 3794 deponit,
700 3708 1253 3777 matrimonium
1307 3708 1727 3797 praefatum
1775 3727 2168 3796 nunquam
2234 3708 2569 3794 potuisse
2622 3727 2785 3777 con-

328 3813 697 3881 summari
747 3813 846 3882 ob
893 3814 1039 3884 Caii
1087 3816 1403 3884 coeundi
1451 3815 1981 3903 impotentiam,
2033 3814 2128 3883 de
2159 3833 2308 3900 qua
2341 3818 2654 3882 testatur
2689 3836 2781 3884 ex

324 3920 631 3991 alterius
677 3919 1057 3992 formosae
1104 3922 1723 4009 adolescentulae,
1787 3925 2090 3992 nomine
2159 3923 2560 3993 Theresiae
2631 3921 2781 4007 (Τμ

326 4028 646 4098 resina...
698 4030 816 4099 hic
862 4032 1039 4100 Acta
1092 4048 1514 4119 cognomen
1563 4032 2035 4119 expungunt)
2086 4029 2573 4116 confessione,
2624 4049 2663 4098 a
2701 4048 2781 4096 ευ

326 4155 526 4206 anno
574 4137 858 4206 circiter
906 4139 1080 4207 1858
1129 4156 1548 4225 possessae,
1583 4157 1781 4224 quae
1812 4138 2157 4215 inviolata
2193 4128 2603 4224 virginitate
2635 4141 2782 4204 tres-

328 4263 460 4331 per
506 4245 901 4313 continuas
948 4250 1203 4313 noctes
1251 4244 1468 4314 irritis
1517 4245 1864 4332 praedicti
1915 4245 2063 4314 Caii
2112 4243 2502 4313 conatibus
2534 4262 2785 4330 perpe-

331 4369 490 4421 ram
541 4351 959 4422 succubuit:
1005 4352 1136 4420 che
1182 4369 1419 4420 erano
1470 4351 1655 4421 stati
1702 4350 1880 4421 vani
1925 4350 2017 4420 ed
2060 4348 2504 4440 infructuosi
2557 4348 2785 4418 tuttt‘f'

326 4457 404 4527 di
448 4458 554 4529 ἰαί
583 4457 827 4547 sforzi
868 4480 916 4528 α
964 4458 1421 4549 deflorarla,
1469 4458 1733 4548 poiche
1781 4478 1928 4527 non
1976 4456 2187 4527 ebbe·
2229 4475 2382 4527 ana
2453 4455 2662 4526 volta
2709 4456 2777 4524 {ss

322 4573 678 4654 potenza,
734 4567 833 4636 ita
880 4571 959 4636 ut
1005 4567 1100 4637 ab
1147 4567 1376 4637 altero
1434 4567 1747 4654 cognita,
1823 4566 2029 4654 virgo
2077 4564 2296 4635 fuerit
2341 4566 2638 4635 inventa
2689 4588 2773 4636 av
