3509 5317
1767 487 2073 546 ...62-

693 623 773 683 li..
833 619 921 683 alr·
973 619 1218 687 futuro
1268 620 1594 690 ineundo
1643 623 2010 711 coniugio,
2062 641 2295 709 quam
2328 623 2598 711 iugalia
2636 624 2729 692 de
2778 625 3147 711 praesenti

693 727 721 787 l]
749 727 1017 799 uulf-w.
1067 725 1611 798 ecclesiasticae
1657 729 1985 797 subsunt
2031 728 2539 813 iurisdictioni,
2596 734 2667 798 et
2711 730 3143 816 oppositum

689 851 829 891 ,ιε-ω
849 839 1110 898 *rs-ntes
1137 831 1469 903 incidunt
1499 835 1567 902 in
1607 835 2155 922 propositiones
2178 835 2276 904 ab
2302 834 2627 904 Ecclesia
2668 836 3070 906 damnatas
3096 835 3136 899 ¹.

697 939 869 999 iiim·
929 942 1118 1019 putet
1165 958 1263 1006 ex
1311 940 1462 1007 hoc
1503 945 1671 1009 actu
1722 960 1928 1010 mere
1989 942 2177 1009 civili
2243 942 2653 1026 procedere
2714 960 2865 1010 non
2917 960 3140 1027 posse

689 1047 1033 1107 vliiaevlrm]
1086 1063 1292 1115 mere
1340 1047 1926 1117 ecclesiasticum
1983 1049 2225 1136 qualis
2278 1047 2472 1118 foret
2532 1049 2874 1136 publicae
2924 1049 3148 1117 hone·

693 1159 793 1215 st..
813 1159 821 1215 t
841 1155 897 1215 is·
937 1153 1569 1241 impedimentum,
1596 1157 1874 1243 quippe
1899 1175 2076 1224 curn
2100 1160 2368 1226 natura
2395 1174 2673 1225 causae
2703 1156 2909 1225 nullo
2932 1162 3145 1243 pacto

693 1267 1158 1330 vmlffllwlssl'et.

837 1371 925 1435 ΠἮ
985 1371 1221 1455 Atque
1269 1370 1362 1438 ita
1412 1369 1637 1440 altera
1690 1390 1789 1440 ex
1849 1371 2150 1440 duabus
2211 1372 2650 1458 praemissis
2706 1370 3150 1458 quaestioni-

701 1475 837 1539 μαψ
877 1476 1600 1563 praeoccupabatur:
1649 1497 1744 1547 an
1780 1478 2072 1562 scilicet,
2109 1479 2239 1547 etsi
2274 1477 2508 1546 civilis
2539 1478 2908 1546 eiusmodi
2934 1483 3146 1546 actus

693 1591 881 1647 ··.-·.::÷-·t
945 1584 1497 1653 matrimonium
1546 1583 1620 1652 in
1667 1604 1892 1653 sensa
1926 1584 2296 1655 Ecclesiae
2342 1583 2921 1669 clandestinam,
2975 1585 3145 1653 oriri

697 1711 937 1775 prefui
997 1711 1091 1760 ex
1139 1711 1228 1762 eo
1279 1694 1591 1763 iustitiae
1640 1694 1980 1781 publicae
2030 1695 2438 1763 honestatis
2505 1694 3145 1780 impedimentum.

833 1807 1064 1883 &lame
1115 1818 1211 1870 ex
1259 1801 1469 1869 dictis
1517 1802 1663 1871 iam
1720 1802 2108 1871 videbatur
2155 1802 2326 1870 oriri
2376 1817 2525 1869 non
2578 1818 2822 1887 posse.
2870 1838 2915 1850 -
2964 1800 3151 1870 Con-

697 1911 973 1971 firmsni
1025 1906 1087 1975 id
1140 1916 1391 2001 autem
1429 1908 1727 1979 aiebant
1761 1908 1877 1978 vel
1911 1928 2123 1978 exeo
2155 1908 2358 1995 quod
2396 1908 2941 1978 clandestinum
2979 1926 3148 1977 con-

693 2019 969 2093 mmnm
1037 2016 1376 2084 constitui
1447 2024 1645 2086 certe
1699 2017 2042 2103 nequiret
2107 2017 2205 2086 ab
2266 2022 2574 2087 externa
2643 2022 2855 2086 actus
2916 2016 3147 2084 civilis

693 2123 961 2196 inrmfi,
1013 2143 1206 2211 quae
1253 2143 1392 2193 nec
1442 2124 1797 2216 directam
1849 2144 1989 2195 nec
2036 2125 2544 2194 necessariam
2600 2126 2821 2195 habet
2865 2142 3143 2193 conne-

697 2235 989 2295 xziwrwm
1043 2250 1217 2299 cum
1276 2232 1563 2302 interno
1623 2250 2001 2302 consensu
2064 2233 2548 2303 contrahendi
2611 2232 2705 2302 de
2748 2232 3145 2320 praesenti,

697 2343 837 2403 mm
881 2338 1311 2419 referulariter
1344 2339 1713 2408 eiusmodi
1746 2358 2208 2409 consensum
2243 2339 2591 2421 excludit,
2627 2358 2717 2408 ac
2749 2343 3136 2426 propterea

693 2447 869 2507 flivrf·
933 2447 1173 2512 forma
1216 2464 1392 2513 cum
1443 2463 1624 2514 vero
1675 2447 2147 2514 matrimonio
2182 2447 2554 2516 celebrato
2588 2447 2705 2516 vel
2741 2465 2925 2515 mox
2966 2446 3149 2515 cele-

697 2551 977 2615 l÷mmi⁴=
1033 2551 1248 2636 plane
1294 2552 1643 2622 consistit.
1694 2553 1932 2622 Secus
1979 2553 2178 2621 enim
2230 2553 2511 2622 ratione
2558 2551 2846 2622 formae
2892 2559 3145 2622 tenen·

693 2663 869 2723 alum
925 2663 1125 2744 svn-et,
1163 2659 1364 2728 illum
1415 2666 1667 2730 actum
1715 2661 2008 2730 civilem
2044 2680 2212 2731 esse
2244 2680 2548 2747 semper
2582 2661 3141 2731 matrimonium

693 2769 1255 2851 νᾶηιιιῐι-ςΙμίηυῐη,
1305 2767 1507 2853 quod
1556 2786 1781 2836 nemo
1830 2769 2184 2838 cordatus
2214 2768 2651 2838 admitteret.
2687 2768 2874 2836 Hinc
2910 2767 3148 2836 matri·

697 2899 781 2939 mu
805 2879 1029 2939 silium
1062 2874 1606 2943 clandestinum
1637 2875 1707 2942 in
1735 2875 1825 2943 iis
1850 2880 2136 2944 tantum
2173 2876 2475 2945 casibus
2516 2875 2823 2942 omnino
2863 2872 3147 2944 rariori-

697 2983 829 3047 lms·
889 3003 1017 3063 μην
1063 2982 1351 3050 civilem
1402 2982 1602 3050 illam
1652 2983 2185 3052 caerimoniam
2237 2983 2668 3066 haberetur,
2728 2982 2800 3049 in
2866 2980 3142 3067 quibus

689 3099 997 3163 snm-mnf.
1046 3089 1511 3158 intenderent
1558 3100 1822 3159 verum
1889 3090 2269 3159 celebrare
2326 3090 2796 3177 coniugium,
2844 3106 2936 3157 ac
2983 3104 3146 3173 pro-

697 3199 853 3259 iml==
913 3196 1460 3265 matrimonium
1513 3196 2058 3266 clandestinum
2109 3196 2181 3262 in
2231 3194 2534 3265 casibus
2578 3193 3142 3281 particularibus

693 3303 785 3367 ..li
841 3303 1228 3370 minutione
1275 3308 1345 3371 et
1391 3305 1770 3374 voluntate
1828 3305 2042 3373 unice
2092 3304 2450 3391 penderet
2495 3302 2898 3389 agentium,
2948 3303 3143 3369 esset

693 3411 1086 3497 alm-nilum,
1135 3410 1270 3478 soli
1323 3412 1475 3480 Deo
1525 3419 1808 3497 notum,
1845 3417 2068 3498 atque
2117 3410 2259 3479 tale
2296 3415 2377 3478 ut
2407 3427 2675 3477 omnes
2722 3408 2907 3476 iuris
2933 3424 3143 3494 prae-

693 3523 1158 3599 mnmt'mnes
1204 3526 1459 3586 contra
1510 3519 1690 3587 illud
1738 3518 2279 3605 conspirarent.

829 3627 1054 3691 l'wll'l)
1104 3643 1201 3692 ex
1252 3627 1724 3694 matrimonio
1773 3626 2233 3695 clandestino
2281 3623 2565 3692 occulto
2615 3624 2872 3709 nequit
2917 3622 3138 3707 impe·

693 3731 1101 3798 *iiim-mum
1151 3731 1493 3817 publicae
1545 3733 1949 3801 honestatis
1996 3732 2208 3817 oriri,
2264 3749 2462 3818 quae
2510 3732 2583 3797 in
2637 3735 2970 3807 eoeterna
3017 3730 3145 3796 hu·

697 3859 957 3899 mmm.-
1009 3839 1374 3924 opinionis
1420 3837 1759 3907 decentia.
1806 3839 2160 3922 consistit,
2195 3844 2274 3907 ut
2306 3856 2404 3907 ex
2452 3836 2798 3907 decretali
2830 3835 3137 3924 Eugenii

693 3955 969 4007 vrmim·
1089 3964 1176 4013 ac
1226 3946 1497 4015 docent
1544 3948 1827 4034 passim
1877 3948 2237 4014 Doctores
2287 3943 2332 4010 ⁸.

833 4111 837 4139 ¹
897 4111 953 4163 Ιιι
1009 4108 1185 4167 Bulla
1229 4110 1575 4167 Auctorem
1619 4112 1779 4186 fidei
1820 4111 1929 4169 sub
1983 4129 2047 4168 n.
2101 4108 2210 4167 58.
2265 4112 2328 4167 et
2378 4108 2441 4166 in
2487 4106 2823 4182 Encyclica
2882 4104 3143 4168 Quanta.

737 4236 741 4243 -
925 4225 1054 4263 vum
1102 4208 1366 4278 Syllaba
1425 4208 1525 4267 Pii
1570 4209 1658 4266 IX
1709 4210 1820 4267 sub
1877 4227 1944 4267 n.
2001 4207 2110 4281 7⁴1,
2165 4225 2318 4283 quas
2368 4206 2567 4266 refert
2622 4202 3145 4282 Gury-Ballerini

729 4311 737 4323 '
1013 4306 1240 4364 moral.
1291 4306 1475 4365 initio
1519 4309 1675 4363 tomi
1719 4304 1775 4364 I.

825 4407 845 4435 '³
893 4407 1035 4479 ’.Ἀ-ψ.
1086 4404 1347 4461 z'uvenis
1389 4403 1452 4462 3.
1502 4404 1581 4462 de
1623 4405 2041 4479 sponsalibus
2087 4411 2148 4460 et
2190 4404 2629 4462 matrimonia

897 4503 965 4555 Ἃ-
1021 4502 1292 4561 Sanchez
1337 4502 1416 4560 de
1460 4503 1751 4561 macrim.
1807 4502 1911 4558 lib.
1954 4499 2015 4559 7.
2065 4503 2234 4577 disp.
2273 4502 2380 4560 68.
2434 4519 2502 4559 η.
2545 4499 2666 4567 16,·
2712 4533 2784 4545 -
2830 4499 3144 4559 Pitonium

981 4601 1131 4659 veel.
1181 4601 1289 4660 52.
1345 4618 1411 4659 n.
1465 4598 1576 4658 96.
1625 4608 1687 4659 et
1725 4618 1893 4675 seqq.
