3509 5317
560 934 568 940 ’
668 940 967 1009 Decano
1016 951 1086 1010 et
1132 959 1189 1009 s.
1227 942 1627 1010 poenitent.
1679 944 2034 1029 Regente.

1707 482 2067 541 -388-

665 636 845 704 gere
890 615 1007 686 fus
1053 623 1169 687 est
1216 622 1262 686 t.
1296 620 1339 686 3
1388 617 1747 687 Thesauri
1792 619 2129 688 eiusdem
2176 637 2250 708 p.
2306 620 2466 702 161,
2521 618 2798 704 quibus
2858 620 3147 705 pariter

672 726 743 792 in
793 726 1059 795 eadem
1110 744 1340 797 causa
1391 727 1825 797 omnimode
1869 727 2229 796 institerat
2276 728 2468 795 Rota
2515 741 2827 796 romana
2895 724 2968 795 in
3015 725 3146 794 de-

666 831 937 901 cisione
986 835 1170 901 1298
1235 840 1282 900 t.
1334 836 1380 902 6
1439 852 1695 903 coram
1772 835 2134 904 honorab.
2197 852 2420 901 inem.
2472 832 2819 902 Lancetta
2895 835 3142 904 Rotae

803 1047 1158 1134 Exposita
1208 1048 1817 1136 Congregationis
1865 1049 2294 1118 sententia...
2327 1046 2601 1138 (pergit
2630 1047 2920 1117 edicere
2950 1045 3144 1136 quid

691 1152 1034 1223 Urbanus
1086 1153 1265 1221 VIII
1295 1173 1443 1244 pro
1490 1155 1711 1223 huius
1760 1155 2190 1225 sententiae-
2214 1155 2793 1246 confirmatione
2837 1173 3146 1244 perege-

670 1259 798 1345 rit,
853 1258 1124 1348 quidve
1174 1265 1542 1330 Auctores
1590 1262 1695 1331 ad
1731 1262 2109 1352 pontificii
2151 1263 2370 1332 huius
2418 1261 2851 1352 diplomatis
2899 1263 3145 1352 cogni-

675 1351 992 1453 tionem';
1038 1375 1127 1438 et*
1153 1372 1669 1459 prosequitur)
1686 1391 1708 1438 .·
1755 1370 1947 1440 adeo
1982 1378 2060 1440 ut
2092 1391 2191 1442 ex
2222 1372 2582 1441 sententia
2630 1371 3140 1440 communiter

673 1477 893 1546 hodie
942 1486 1235 1565 recepta
1286 1484 1510 1566 atque
1557 1479 1998 1565 observata,
2048 1479 2339 1547 nullum
2391 1486 2614 1567 atque
2663 1479 2953 1548 irritum
3011 1479 3140 1548 ha-

673 1584 1003 1654 bendum
1055 1585 1149 1654 sit
1196 1587 1776 1673 matrimonium,
1809 1587 1881 1653 in
1923 1584 2265 1656 fraudem
2317 1587 2590 1677 proprii
2641 1588 2969 1674 parochi,
3018 1606 3141 1655 co-

674 1713 837 1763 ram
884 1695 1217 1781 parocho
1284 1695 1587 1766 alterius
1636 1695 1776 1765 loci
1843 1701 2342 1782 contractum,
2393 1696 2810 1765 dummodo
2883 1701 3136 1764 tamen

674 1798 791 1868 ille
846 1801 974 1887 qui
1018 1802 1415 1887 contrahit,
1467 1815 1871 1888 antequam
1946 1803 2419 1872 matrimonio
2481 1798 2868 1890 iungatur,
2921 1801 3141 1888 legiti-

674 1924 887 1975 mum
956 1905 1405 1975 domicilium
1455 1908 1569 1978 vel
1618 1907 2337 1996 quasi—domicilium
2385 1927 2647 1978 revera
2718 1910 2786 1976 in
2853 1909 2997 1977 hoc
3042 1909 3139 1977 al-

672 2024 831 2082 tero
865 2013 1029 2083 loco
1061 2014 1381 2101 adeptus
1413 2019 1561 2083 non
1597 2013 1876 2101 fuisset,
1912 2021 2135 2103 atque
2183 2016 2356 2083 inibi
2402 2014 2742 2085 fortassis
2778 2025 2952 2103 post
2992 2033 3141 2083 ma·
3215 2104 3225 2111 ·

675 2119 1103 2188 trimonium
1173 2128 1639 2190 contractum
1713 2123 1808 2191 ad
1880 2121 2179 2208 aliquod
2251 2128 2548 2210 tempus
2615 2138 3139 2192 commoratus

673 2244 825 2295 non
888 2217 1105 2295 esset.
1177 2227 1679 2297 Consulantur
1745 2228 2368 2298 Salmanticenses
2415 2236 2548 2298 etc.

808 2333 1165 2403 Mittimus
1227 2336 1504 2404 interea
1578 2336 2035 2405 Fraternitati
2107 2341 2279 2405 tuae
2328 2336 2609 2407 Urbani
2659 2336 2822 2404 VIII
2875 2338 3136 2424 Breve,

678 2441 883 2528 quod
929 2436 1388 2527 apostolicae
1429 2443 1904 2511 Auctoritatis
1953 2444 2224 2513 robore
2270 2442 2839 2530 confirmamuS,
2888 2445 3140 2515 iuben-

675 2555 788 2617 tes
834 2554 968 2616 etc.
1017 2547 1424 2635 (quaedam
1471 2548 1855 2618 servanda
1897 2549 2406 2638 praescribi&

807 2656 983 2723 Post
1033 2656 1219 2724 haec
1268 2658 1780 2725 necessarium
1831 2656 1988 2726 fore
2035 2677 2440 2728 censemus
2487 2658 2818 2727 nonnihil
2885 2659 3141 2728 adiun-

673 2782 871 2851 gere,
922 2770 1003 2833 ut
1048 2765 1119 2832 in
1172 2764 1565 2851 propatulo
1598 2766 1691 2833 sit
1723 2764 2085 2851 quidnam
2137 2766 2557 2853 requiratur
2603 2767 2698 2836 ad
2747 2765 3143 2854 quasi-do-

675 2869 1025 2938 micilium
1072 2869 1657 2960 adipiscendum.
1733 2873 2017 2941 Verum
2068 2873 2207 2942 hac
2257 2874 2329 2940 in
2380 2891 2459 2941 re
2509 2890 2656 2940 non
2715 2871 2860 2941 alio
2923 2881 3139 2959 pacto

676 2977 1115 3063 responderi
1167 2983 1423 3064 potest,
1476 2980 1614 3046 nisi
1663 2979 1866 3067 quod
1915 2988 2319 3068 antequam
2371 2980 2934 3050 matrimonium
2969 2998 3139 3049 con-

679 3087 1032 3172 trahatur,
1083 3089 1320 3175 spatio
1368 3090 1633 3158 saltem
1686 3090 1909 3158 unius
1958 3090 2244 3158 mensis
2291 3090 2407 3159 ille
2457 3090 2581 3177 qui
2616 3090 2990 3158 contrahit
3018 3090 3139 3159 ha-

680 3194 1015 3263 bitaverit
1052 3197 1122 3262 in
1171 3196 1357 3282 loc0,
1396 3197 1518 3265 uhi
1569 3199 2128 3267 matrimonium
2172 3199 2609 3268 celebratur.
2658 3196 3141 3268 Definitiones

679 3302 1287 3389 congregationis
1334 3302 1628 3371 Concilii
1681 3305 1822 3373 hac
1869 3306 1962 3374 de
1994 3324 2075 3373 re
2109 3306 2495 3374 observari
2542 3312 2892 3393 poterunt
2937 3305 3142 3392 apud

679 3409 1118 3495 Fagnanum
1168 3410 1239 3478 in
1289 3429 1452 3498 cap.
1500 3410 1994 3501 siqnificaoit,
2047 3411 2140 3481 de
2195 3410 2604 3501 paroemia,
2662 3412 2782 3481 ubi
2846 3433 3144 3482 earum-

679 3517 855 3587 dem
902 3524 1256 3588 contextu
1305 3537 1699 3606 perpen50‚
1753 3521 1939 3589 haec
1986 3520 2212 3589 habet
2258 3521 2404 3589 sub
2448 3539 2520 3587 n.
2555 3521 2664 3587 39.
2725 3518 2853 3587 Vir
2885 3525 2960 3588 et
2990 3541 3144 3589 mu—

682 3623 816 3692 lier
887 3623 1422 3711 Traiectense3‚
1482 3625 1819 3695 timentes
1882 3625 2493 3715 impedimentum
2547 3648 2598 3696 a
2658 3625 3134 3715 parentibuS,

680 3750 851 3801 cum
896 3731 1003 3800 ad
1048 3731 1364 3801 uicinam
1414 3733 1674 3802 urbem
1722 3733 2288 3824 Aquisyranam
2350 3755 2428 3803 se
2489 3733 3019 3821 contulissent,
3069 3743 3145 3804 et

681 3837 780 3907 ibi
821 3839 1264 3927 aliquandiu
1312 3841 1595 3911 morati
1637 3842 2206 3911 matrimonium
2265 3843 2877 3928 contraxissent,
2938 3845 3010 3912 S.
3069 3845 3141 3913 C.

681 3945 1021 4014 consulta
1070 3967 1303 4036 super
1353 3947 1764 4036 caliditate,
1817 3952 2103 4019 censuit
2147 3950 2736 4039 conprimendum
2812 3958 3134 4041 tempzw,

682 4071 830 4141 quo
861 4060 1387 4128 contrahentes
1423 4057 1955 4147 Aquisyranae
2002 4066 2498 4146 manseram&
2546 4059 2751 4150 quod
2795 4058 2864 4129 si
2890 4059 3144 4148 suerit

683 4164 948 4233 saltem
1000 4166 1218 4235 unius
1264 4167 1563 4254 menst'S,
1617 4168 1953 4239 dandam
2006 4189 2163 4239 esse
2212 4169 2653 4240 decisionem
2693 4188 2845 4258 pro
2894 4167 3146 4238 calidi-

689 4283 859 4346 tate.
908 4315 952 4327 -
997 4277 1278 4346 Natalis
1324 4277 1756 4369 Alexander
1805 4280 1876 4347 in
1944 4279 2330 4368 Theoloyia
2375 4278 2809 4366 dogmatica
2857 4283 2930 4347 et
2994 4296 3140 4345 mo-

684 4387 837 4456 rali
875 4386 990 4456 lib.
1039 4393 1109 4457 2.
1159 4388 1251 4457 de
1298 4408 1624 4458 sacram.
1674 4395 1902 4459 matr.
1950 4410 2009 4458 c.
2060 4393 2128 4456 3.
2179 4411 2248 4458 a.
2283 4392 2352 4456 2.·
2403 4386 2634 4475 regul.
2686 4391 2749 4455 5.
2815 4386 3144 4457 animad-

686 4496 916 4581 vertit,
968 4497 1061 4566 ad
1112 4497 1656 4584 acquirendum
1703 4497 2425 4586 quasi—domicilium
2474 4501 2818 4582 oportere
2868 4500 2950 4565 ut
2977 4511 3146 4562 con-

684 4604 1102 4690 trahentes,
1153 4613 1558 4692 antequam
1631 4605 2189 4674 matrimonium
2238 4602 2653 4685 celebrent,
2704 4607 2908 4671 tanto
2970 4607 3144 4670 tem-

686 4729 870 4798 pore
900 4729 991 4780 eo
1023 4713 1092 4779 in
1130 4710 1293 4780 loco
1327 4711 1451 4779 ubi
1484 4711 1949 4797 copulantur,
1976 4709 2244 4779 fuerint
2275 4708 2734 4794 commorati,
2764 4715 2844 4778 ut
2868 4708 3137 4777 ibidem
