3509 5317
889 479 1066 540 -354-

367 687 397 767 b)
420 683 483 750 lton
506 682 619 750 edesse
642 687 775 766 rapturo,
797 680 854 750 sed
882 681 980 765 potius
1008 657 1253 759 contrabentium
1280 679 1383 763 lupam
1412 662 1449 746 ad
1473 681 1599 763 nuptias
1720 690 1722 697 “

449 778 656 848 conciliandas
684 780 710 847 ei
732 781 776 847 vir
804 780 871 848 cine
899 778 966 846 dolo
995 778 1150 849 nulicren
1178 777 1377 851 0100011010
1404 777 1603 845 attrectes

448 895 545 966 cauea
567 878 642 961 quod
657 883 809 946 tractatus
825 878 861 945 de
877 877 1064 944 matrimonio
1087 892 1122 943 01
1139 880 1296 960 parentum
1318 875 1509 958 oppositione
1524 893 1603 944 oon·

447 977 525 1044 eludi
542 977 740 1059 nequiverint.

433 1152 465 1216 7.
490 1147 581 1216 Item
593 1147 630 1216 in
644 1167 719 1217 una
737 1145 881 1216 Ruben.
906 1152 1046 1235 raptus
1061 1151 1098 1215 et
1112 1162 1362 1215 censurarum
1378 1143 1449 1214 diei
1464 1147 1487 1213 3
1504 1163 1602 1216 mar·

355 1256 519 1341 1111711,
537 1255 572 1323 111
589 1274 664 1343 qua
681 1256 727 1324 ita
746 1256 945 1342 exponitur
964 1253 1115 1324 lactum.
1143 1275 1161 1316 r
1179 1251 1417 1339 inquisitione
1433 1251 1601 1323 instituta

369 1362 591 1450 «praetensi
616 1372 746 1450 raptus
773 1362 922 1449 puellae
945 1362 1129 1432 Cesareae
1160 1359 1294 1443 Facile,
1320 1359 1525 1429 demensa
1550 1361 1599 1430 ia·
1732 1423 1733 1446 ,

368 1471 522 1540 «nuarii
546 1471 633 1539 anni
658 1489 795 1558 propre
812 1470 939 1557 elapsi,
964 1469 1091 1557 plures
1106 1475 1221 1539 testes
1244 1465 1410 1537 formiter
1434 1469 1470 1535 in
1487 1468 1599 1539 Curia
1727 1478 1732 1551 i

368 1577 603 1665 «episcopali
627 1577 839 1666 interrogati
854 1579 1019 1663 desuper
1034 1574 1191 1660 fuerant,
1216 1573 1279 1662 qui
1304 1575 1463 1643 univoce
1486 1575 1602 1662 depo·
1729 1568 1732 1573 ’

368 1703 386 1745 «
402 1689 576 1752 suerunt:
600 1702 754 1753 summo
770 1702 883 1754 mane
899 1683 970 1753 diei
984 1686 1030 1753 30
1045 1682 1235 1751 decembr.
1254 1682 1341 1749 1712
1357 1682 1426 1749 iter
1440 1678 1598 1751 faciente

368 1785 475 1854 «iam
501 1786 598 1855 dicta
621 1787 744 1882 puella
761 1805 847 1856 cum
866 1787 948 1856 eius
971 1791 1179 1871 matertera,
1198 1783 1395 1852 Rooohum
1419 1783 1597 1855 Sanctam

367 1894 642 1981 «peregrinum
667 1897 859 1983 repentino
884 1913 970 1964 eam
1002 1893 1223 1981 abripuisse,
1247 1912 1293 1962 ac
1318 1890 1477 1960 domum
1501 1911 1598 1962 suae

367 2004 544 2073 «sororis
566 2004 818 2091 adsportasse.
837 2005 990 2091 interea,
1009 2008 1049 2072 ut
1072 2010 1186 2072 testes
1208 2002 1277 2089 ipsi
1301 2004 1596 2087 prosequuntur,

355 2132 385 2173 -«
401 2112 686 2198 praenominata
708 2118 907 2181 matertera
925 2130 1088 2200 magnos
1111 2109 1298 2179 clamores
1321 2106 1443 2178 edidit.
1468 2106 1597 2176 Puella

367 2236 493 2286 «vero
517 2237 587 2287 nec
611 2220 770 2289 verbum
795 2220 946 2306 quidem
973 2218 1175 2306 perturbati
1192 2216 1312 2286 animi
1337 2215 1497 2303 protulit.
1522 2217 1600 2284 Mo

367 2325 537 2393 «nitione
561 2325 685 2412 itaque
701 2326 872 2412 expedita
892 2326 965 2394 sub
988 2326 1047 2394 die
1070 2329 1090 2393 7
1116 2322 1279 2408 ianuarii,
1297 2327 1486 2409 quatenus
1502 2319 1598 2390 111110

366 2436 477 2501 «tres
500 2430 590 2518 dies,
615 2431 778 2518 querum
802 2432 938 2521 singuli
962 2450 1031 2518 pro
1055 2431 1186 2519 prime,
1211 2428 1379 2497 secundo
1395 2445 1441 2497 ac
1466 2427 1597 2495 ultimo

367 2539 608 2624 «respective
624 2540 782 2608 termino
801 2543 1120 2628 computarentur,
1137 2537 1236 2607 idem
1261 2535 1438 2604 Roccbus
1459 2535 1595 2603 iudicio

360 2666 384 2707 a
403 2645 547 2715 sisteret
562 2640 609 2715 ad
627 2647 863 2736 allegandam
882 2665 1048 2733 causam,
1073 2664 1192 2733 quare
1207 2642 1379 2714 censuris
1403 2641 1596 2711 obnoxius

366 2750 585 2821 «declarari
609 2771 684 2822 11011
708 2752 871 2839 deberet
895 2772 994 2841 qttae
1017 2760 1145 2822 contra
1171 2756 1341 2839 raptores
1364 2749 1597 2817 comminan-

365 2864 460 2926 «tur
482 2859 518 2926 in
543 2878 618 2928 sac.
643 2861 723 2929 trid.
749 2861 902 2946 Synodo
919 2879 950 2930 0.
967 2863 998 2947 6,
1016 2879 1111 2929 sess.
1128 2862 1173 2928 24
1195 2857 1243 2928 de
1265 2855 1421 2946 reform.
1447 2855 1596 2926 lncusa·

365 2972 511 3052 «taque
534 2967 791 3037 contumaclali
815 2968 981 3037 absentia
1000 2967 1128 3052 semel,
1154 2969 1288 3035 iterum
1311 2984 1355 3035 ac
1380 2964 1493 3051 tertio,
1519 2965 1595 3035 sub

365 3071 534 3141 «diebus
556 3075 589 3142 9.
614 3076 666 3143 10.
692 3076 731 3143 11
758 3074 934 3162 praedicti
958 3075 1111 3160 mensis,
1135 3074 1312 3160 postridie
1336 3074 1596 3142 excommuni-

352 3202 382 3241 wu
399 3180 553 3249 cationis
566 3181 681 3250 edicta
698 3180 813 3253 affixa
830 3181 946 3251 fuere.
963 3182 1091 3251 Statim
1105 3181 1303 3251 iamdictus
1319 3179 1496 3249 Bocchus
1507 3196 1593 3249 con·

364 3285 542 3374 «sugium
560 3287 687 3356 habuit
702 3289 750 3357 ad
766 3308 796 3357 s.
814 3291 948 3377 Congr.
967 3308 1035 3376 pro
1052 3293 1263 3375 opportuna
1286 3285 1534 3371 absolutione,
1555 3294 1596 3354 nt

364 3394 557 3482 «coniugii
581 3393 715 3465 foedus
739 3397 830 3467 inire
854 3402 983 3485 posset
997 3415 1085 3465 curn
1103 3395 1197 3464 dicta
1217 3393 1351 3482 puella,
1377 3398 1414 3461 et
1436 3394 1506 3483 ΕΕ.
1523 3394 1595 3462 Vc

364 3502 485 3569 «stris
509 3500 645 3588 placuit
668 3504 874 3573 rescribere
890 3505 1087 3591 Episcopo,
1113 3509 1153 3572 ut
1176 3501 1394 3590 procederet
1416 3511 1531 3588 prout
1545 3501 1594 3571 de

266 3641 270 3649 ·
363 3607 478 3677 «iure
494 3608 541 3677 ad
558 3609 846 3680 declarationem
864 3611 1051 3699 praetensi
1069 3609 1321 3697 impedimenti
1337 3615 1478 3695 raptus.
1496 3608 1595 3677 Hinc

363 3721 524 3784 «orator
548 3717 627 3804 ipse
650 3735 778 3787 coram
796 3716 917 3787 iudice
933 3737 975 3787 se
991 3717 1186 3802 constituit,
1211 3734 1255 3785 ao
1279 3716 1440 3802 ingenue
1462 3711 1594 3784 lassus

363 3820 483 3909 «fuit,
510 3834 658 3910 raptum
695 3826 930 3893 commisisse
962 3826 1223 3910 consentiente,
1248 3822 1484 3910 quinetiam,
1509 3840 1595 3908 pro·

363 3936 559 4019 «ponente
583 3932 716 4018 puella,
742 3951 817 4019 quo
836 3931 948 4002 libere
964 3938 1183 4018 exoptatum
1205 3929 1485 4000 matrimonium
1505 3947 1594 4000 con·

363 4038 545 4107 «trabere
561 4045 724 4127 possent,
750 4039 808 4108 vel
825 4040 950 4111 invitis
973 4040 1092 4127 ipsius
1108 4037 1408 4126 consanguineis,
1434 4037 1498 4123 qui
1523 4043 1596 4109 tra-

363 4151 536 4214 «ctatum
569 4146 802 4234 sponsalium
832 4153 1047 4217 constanter
1076 4147 1269 4216 eiecerant.
1294 4142 1462 4213 Subinde
1486 4145 1592 4231 apud

363 4252 596 4321 «honestam
621 4259 831 4324 matronam
858 4254 980 4342 puella
1004 4254 1183 4344 collocata
1207 4251 1281 4338 luit,
1308 4257 1346 4319 ut
1369 4250 1595 4322 omnimoda

363 4382 381 4423 c
398 4359 562 4429 libertate
574 4360 836 4449 perfrueretur,
849 4381 895 4431 ac
908 4361 1147 4431 iureiurando
1165 4361 1400 4448 interrogata,
1417 4359 1596 4445 deposuit

362 4466 499 4555 «quod
523 4486 665 4537 vesano
682 4487 811 4539 amore
830 4471 978 4557 percita,
995 4474 1179 4538 oratorem
1199 4467 1343 4537 induxit
1368 4472 1408 4536 ut
1422 4466 1591 4553 seipsam

363 4573 633 4661 «subduceret,
650 4575 882 4662 proindeque
899 4575 1113 4647 nullatenus
1137 4575 1258 4662 raptui
1281 4573 1419 4644 restitit
1444 4573 1594 4654 Quibus
