3509 5317
1372 497 1727 557 ..367—

333 639 473 718 tur,
523 649 700 701 cum
746 629 1091 702 facultate
1121 637 1372 702 tamen
1407 646 1576 702 eam
1611 632 2143 719 suspendendi,
2179 631 2297 701 vel
2331 632 2785 710 remorandi,

334 739 397 806 si
443 738 635 807 iusta
684 757 912 809 causa
984 736 1339 826 adfuerit,
1390 747 1463 808 et
1506 738 2004 809 substituendi
2067 737 2288 807 aliam
2338 755 2577 825 aequa.
2645 739 2789 800 illm

331 866 554 918 neam
607 850 677 916 et
722 846 985 918 iisdem
1036 847 1514 935 qualitatibus
1560 853 1927 935 ornatam,
1975 846 2180 936 quod
2213 847 2430 916 etiarn
2468 843 2621 913 fleri
2673 868 2789 928 μι-ι-

332 955 515 1040 terit,
564 954 1191 1043 quotiescumque
1225 973 1561 1043 ,persona
1595 955 1691 1024 ad
1737 954 2382 1024 matrimoniorum
2434 950 2793 1020 desum-:in-

333 1078 509 1130 nem
558 1060 946 1146 destinata,
994 1081 1167 1132 cum
1220 1081 1303 1132 se
1350 1063 1647 1131 occasio
1694 1061 1964 1148 agendi
2014 1059 2377 1144 obtulerit,
2430 1060 2557 1127 erit
2629 1060 2789 1132 lap-ri-

335 1170 511 1238 time
558 1169 931 1257 impedita.

465 1278 511 1359 ἓ
554 1278 618 1344 6.
666 1279 781 1347 Ad
830 1277 1158 1348 officium
1202 1283 1453 1348 autem
1501 1274 1920 1346 defensoris
1968 1275 2613 1344 matrimoniorum
2669 1276 2789 1340 Ειιι-

334 1383 679 1467 iusmodi,
729 1390 809 1452 ut
850 1403 1082 1471 supra
1132 1385 1359 1471 electi,
1409 1384 1773 1471 spectabit
1821 1383 1892 1450 in
1941 1382 2294 1452 iudicium
2332 1383 2579 1451 venire
2617 1404 2789 1468 qim·

335 1490 798 1577 tiescumque
845 1492 1244 1580 contigerit,
1297 1491 1884 1562 matrimoniales
1931 1508 2206 1560 causas
2253 1508 2484 1576 super
2553 1488 2789 1552 ruiiali—

331 1601 475 1665 tate
524 1597 640 1666 vel
693 1597 1020 1668 nullitate
1066 1617 1327 1667 coram
1361 1597 1685 1686 legitimo
1719 1598 1970 1667 Iudice
2002 1596 2417 1683 disceptari,
2460 1613 2785 1680 eunapii:

332 1703 698 1790 oportebit
744 1704 815 1771 in
864 1705 1192 1791 quolibet
1236 1710 1404 1775 actu
1453 1705 1770 1775 iudiciali
1831 1704 2080 1789 citari,
2132 1703 2401 1774 adesse
2458 1704 2785 1770 exuimini

330 1811 666 1899 testium,
717 1829 902 1882 voce
947 1819 1020 1882 et
1064 1813 1359 1901 scriptis
1408 1814 1863 1883 matrimonii
1911 1812 2361 1883 validitatem
2409 1816 2625 1884 tueri,
2681 1832 2789 1876 ww

331 1936 479 2004 que
528 1920 783 1988 omnia
827 1919 1220 2006 deducere,
1268 1939 1466 2008 quae
1512 1919 1609 1990 ad
1658 1923 2216 1990 matrimonium
2264 1919 2785 1995 sustinendum

330 2026 757 2095 necessaria
804 2028 1158 2097 censebit.

462 2138 508 2219 ἓ
553 2139 615 2205 7.
666 2137 753 2205 Et
782 2137 1093 2207 demum
1128 2136 1544 2208 defensoris
1579 2137 2007 2206 huiusmodi
2045 2155 2389 2224 persona,
2427 2141 2785 2220 tamtum

328 2261 510 2329 pars
556 2245 979 2313 necessaria
1030 2245 1126 2313 ad
1177 2244 1422 2316 iudicii
1474 2245 1922 2315 validitatem
1971 2250 2041 2314 et
2088 2244 2569 2330 integritatem
2629 2260 2790 2304 *fi-1²1—

328 2359 605 2438 seatur,
655 2371 1109 2441 semperque
1156 2354 1350 2424 adsit
1396 2355 1466 2422 in
1517 2354 1784 2423 iudicio
1833 2354 1991 2422 sive
2042 2370 2242 2420 unus
2302 2369 2401 2419 ex
2470 2352 2789 2428 coliium-

330 2463 495 2547 buS,
548 2462 672 2548 qui
723 2480 859 2548 pro
909 2462 1236 2533 nullitate
1284 2461 1737 2531 matrimonii
1771 2461 1941 2547 agit,
1973 2461 2134 2529 sive
2176 2459 2424 2545 ambo,
2460 2478 2781 2545 quorum

328 2568 515 2639 alter
585 2587 721 2656 pro
775 2568 1162 2667 nullitate,
1212 2569 1396 2638 alter
1457 2587 1637 2638 vero
1686 2587 1823 2655 pro
1876 2567 2239 2637 validitate
2301 2567 2372 2633 in
2432 2564 2785 2633 inclinium

331 2674 652 2743 veniant.
702 2674 1063 2745 Defensor
1108 2684 1381 2763 autem,
1432 2695 1605 2745 cum
1659 2677 1720 2746 ei
1776 2693 2059 2745 munus
2105 2673 2537 2743 huiusmodi
2597 2696 2785 2740 mm-

329 2781 680 2868 mittetur,
731 2783 1231 2853 iuramentum
1302 2784 1705 2871 praestabit
1774 2781 2088 2852 fideliter
2157 2781 2487 2850 officium
2561 2800 2781 2848 simin

327 2889 678 2975 obeundi,
727 2896 802 2959 et
846 2891 1467 2979 quotiescumque
1512 2891 1917 2978 contigerit,
1956 2895 2048 2959 ‘ut
2094 2889 2165 2956 in
2217 2887 2484 2957 iudicio
2518 2888 2783 2952 nilo-ase}

328 2997 599 3066 debeat
647 3016 784 3085 pro
831 2997 1145 3067 alicuius
1193 3000 1639 3069 matrimonii
1709 2997 2078 3067 validitate
2148 2994 2469 3081 tuenda,
2521 3016 2785 3060 rura-2111?-

325 3101 528 3171 idem
602 3106 1104 3174 iuramentum
1178 3106 1599 3193 praebebit:
1648 3124 2176 3194 quaecumque
2226 3123 2447 3189 vem,
2501 3124 2585 3172 ei·
2644 3124 2781 3168 τμη-ι

329 3211 653 3299 legitime
699 3212 917 3283 citato
949 3217 1077 3283 aut
1108 3214 1461 3299 intimato,
1496 3214 1567 3281 in
1604 3213 1871 3282 iudicio
1908 3217 2202 3300 peracta
2237 3209 2525 3288 fuerint,
2565 3212 2781 3284 iusim„

326 3318 550 3404 irrita,
599 3337 815 3388 cassa
866 3319 1364 3406 declaramus,
1415 3340 1503 3390 ac
1551 3339 1687 3407 pro
1737 3320 1981 3406 nullia,
2017 3319 2254 3387 cassis
2286 3336 2375 3386 ac
2408 3318 2625 3385 irritis
2673 3320 2785 3380 lm·-

325 3424 489 3492 beri
536 3424 933 3514 volumuS,
984 3429 1291 3514 perinde
1338 3448 1428 3497 ac
1473 3429 1534 3496 si
1583 3429 1808 3498 citata
1852 3433 1923 3496 et
1971 3426 2299 3495 intimata
2373 3443 2525 3493 non
2593 3432 2789 3492 rasel„

325 3551 413 3601 ea
468 3550 666 3620 pars,
717 3535 933 3603 cuius
979 3536 1181 3605 citari
1231 3537 1597 3622 intererat,
1649 3540 1719 3604 et
1765 3553 1992 3622 quam
2044 3535 2249 3603 iuxta
2287 3532 2533 3620 legum
2573 3544 2633 3596 vi
2677 3556 2785 3596 rw

326 3658 620 3708 nonum
670 3642 1126 3728 praescripta
1172 3642 1264 3713 ad
1317 3642 1719 3731 legitimam
1772 3640 2011 3710 iudicii
2062 3640 2505 3709 validi-tatem
2585 3644 2785 3704 vilari

325 3752 458 3816 aut
505 3747 823 3817 intimari
872 3751 1179 3818 omnino
1228 3751 1739 3819 necessarium
1792 3756 1970 3818 erat.

462 3858 509 3939 ἓ
554 3857 618 3925 8.
667 3855 852 3926 Cum
902 3858 1121 3945 igitur
1167 3876 1424 3928 coram
1475 3857 1884 3942 OrdinariO,
1920 3855 2016 3924 ad
2065 3874 2293 3943 quem
2343 3872 2617 3924 causas
2665 3856 2789 3920 llll*

326 3963 654 4033 iusmodi
703 3983 1162 4053 cognoscere
1209 3966 1539 4052 pertinet,
1590 3964 2094 4035 controversia
2145 3963 2395 4050 aliqua
2427 3981 2785 4048 propium·-

324 4080 468 4157 tur,
520 4072 592 4139 in
640 4091 794 4159 qua
840 4073 933 4141 de
977 4072 1422 4142 matrimonii
1462 4072 1830 4141 validitate
1864 4070 2336 4155 dubitabitur,
2372 4074 2444 4138 et
2475 4072 2757 4148 existi-:ii

325 4181 526 4249 tibus
576 4182 647 4247 in
697 4180 962 4250 iudicio
1012 4180 1131 4250 vel
1180 4199 1331 4248 uno
1379 4199 1478 4249 ex
1524 4179 2012 4266 coniugibuS,
2062 4177 2186 4263 qui
2252 4186 2386 4263 ‘pro
2457 4180 2785 4244 nullitate*

324 4287 803 4372 matrimonii,
855 4287 970 4356 vel
1018 4287 1413 4372 ambobus,
1464 4303 1790 4372 quorum
1841 4285 2024 4353 alter
2073 4303 2209 4371 pro
2260 4283 2641 4356 validitatw„
2693 4288 2785 4348 wl-

323 4402 437 4464 ter
486 4412 668 4462 vero
716 4412 853 4479 pro
913 4393 1239 4463 nullitate
1302 4393 1668 4462 actionem
1726 4392 2097 4476 intendat,
2148 4388 2497 4460 defensor
2549 4396 2785 4456 rit-itri-

324 4501 560 4569 monii
606 4506 861 4587 partes
907 4517 1174 4568 omnes
1221 4498 1435 4568 officii
1486 4500 1602 4568 sui
1637 4498 2026 4587 diligenter
2058 4497 2478 4584 adimpleat.
2533 4500 2785 4580 ltaque

322 4610 384 4678 si
433 4628 477 4678 a
533 4606 783 4676 Iudice
833 4625 965 4693 pro
1015 4607 1464 4677 matrimonii
1512 4606 1881 4676 validitate
1929 4605 2388 4690 iudicabitur,
2423 4616 2492 4673 et
2533 4605 2781 4672 millite:
