3509 5317
1693 518 2010 578 ..38-

621 675 681 719 n*
709 671 769 719 ιη
817 651 994 722 satis
1035 649 1282 739 firma,
1315 652 1591 739 quibus
1625 652 1790 722 illae
1837 653 2247 722 innituntur
2283 650 2340 739 ι;
2390 654 2741 740 quamvis
2774 653 2871 722 de
2918 650 3081 722 iare

625 763 887 827 saltem
932 755 1252 848 positivo
1299 760 1912 848 consanguinitas
1960 760 2031 827 in
2082 759 2272 829 linea
2308 764 2506 829 recta
2534 758 2834 830 dirimat
2881 756 3082 829 inde-

609 867 834 955 ¹‚fi'sthte
879 866 953 935 in
1001 885 1485 955 quocumque
1533 868 1796 954 gradu,
1846 875 1929 937 ut
1970 885 2201 955 supra
2255 866 2580 936 vidimus
2627 862 2674 933 ².

757 977 860 1045 10.
909 978 1027 1043 An
1076 974 1635 1045 matrimonium
1682 973 1759 1042 in
1803 972 2052 1062 primo
2094 974 2350 1063 yrada
2397 971 2634 1042 lineae
2702 979 3085 1042 transver-

629 1103 781 1167 swsss,
837 1082 1112 1152 scilicet
1157 1082 1347 1151 inter
1392 1079 1659 1151 fratres
1707 1087 1779 1151 et
1839 1101 2167 1168 sorores,
2225 1082 2317 1150 sit
2379 1082 2665 1150 irritum
2726 1079 2892 1149 iure
2959 1100 3092 1149 na·

629 1199 870 1275 fswsse,
924 1189 1141 1259 etiam
1192 1188 1553 1259 dissident
1598 1190 1765 1275 DD.,
1816 1194 1887 1258 et
1918 1189 2037 1259 alii
2068 1187 2596 1270 affirmantem,
2647 1187 2764 1258 alii
2813 1206 3088 1276 negan-

625 1307 769 1363 tem
819 1297 1244 1384 opinionem
1304 1295 1881 1382 probabiliorem
1936 1296 2209 1381 dicunt;
2260 1334 2350 1348 -
2405 1294 2524 1366 alii
2596 1294 3081 1380 contendunt,

625 1422 981 1472 mammos
1029 1400 1429 1472 Pontifices
1477 1403 1728 1490 quoad
1780 1403 1982 1472 hunc
2008 1402 2330 1491 gradum
2358 1420 2749 1490 nunquam
2786 1400 3081 1488 dispen-

625 1529 857 1596 m‘isse,
906 1510 1022 1580 alii
1071 1510 1555 1598 dispensasse
1601 1509 2004 1598 aliquando
2054 1509 2098 1577 ⁸.

765 1620 867 1687 11.
920 1618 1000 1686 In
1050 1617 1374 1687 secundo
1422 1616 1832 1706 ceterisque
1874 1616 2240 1708 madibus
2289 1616 2523 1686 lineae
2596 1621 3083 1686 transversae

625 1725 1231 1813 .·>·÷msanguinitas
1278 1744 1428 1794 non
1480 1726 1752 1796 dirimit
1812 1727 1974 1795 iure
2034 1734 2349 1796 naturae
2388 1722 2448 1811 ⁴,
2515 1726 2651 1795 sed
2707 1723 2874 1793 iare
2930 1728 3086 1792 tan·

629 1847 781 1899 timi.
829 1830 1350 1917 ecclesiastico.
1408 1841 1485 1902 ut
1532 1852 1630 1903 ex
1657 1835 1873 1920 praxi
1900 1833 2295 1920 Ecclesiae,
2323 1851 2519 1920 quae
2543 1832 2640 1902 ab
2672 1831 2762 1901 iis
2795 1832 3087 1919 dispen-

625 1951 753 2011 ffli..
805 1976 892 1990 —
936 1941 1052 2009 Ex
1098 1959 1250 2028 quo
1297 1941 1657 2029 sequitur,
1711 1945 1791 2009 ut
1835 1959 2074 2029 quum
2140 1945 2472 2028 spectato
2542 1940 2702 2009 iure
2769 1944 3085 2009 naturae

629 2047 864 2117 ¹{ulida
917 2048 1261 2118 habenda
1310 2050 1458 2117 sint
1528 2047 2002 2118 matrimonia
2051 2053 2431 2119 contracta
2479 2048 2670 2116 inter
2740 2044 3085 2116 infideles

623 2159 741 2243 ιμιῑ
797 2156 999 2225 hisce
1046 2156 1710 2244 consanguinitatis
1758 2156 2117 2244 gradibus
2150 2155 2523 2225 coniuncti
2555 2156 2720 2239 sint,
2754 2172 3084 2242 cumque

625 2283 773 2331 nnn
822 2262 1161 2348 baptizati
1212 2262 1586 2332 Ecclesiae
1624 2262 1928 2351 legibus
1968 2281 2116 2331 non
2170 2268 2581 2349 teneantur,
2615 2263 2682 2331 si
2714 2260 3083 2331 eiusmodi

629 2368 961 2439 infideles
1007 2370 1101 2440 ad
1151 2368 1379 2440 fldem
1430 2377 1987 2456 convertantur,
2039 2389 2181 2439 nec
2240 2370 2642 2458 separandi
2701 2373 2895 2455 sunt,
2945 2386 3086 2437 nec

625 2477 1177 2563 dispensatione
1201 2478 1555 2566 indigent,
1587 2484 1667 2548 ut
1699 2479 1798 2547 in.
1817 2485 2199 2549 contracto
2242 2482 2602 2548 maneant
2642 2477 2990 2565 coniugio
3029 2473 3142 2544 .⁵.--
3192 2542 3202 2545 -

625 2591 864 2671 :itque
911 2584 1005 2654 ita
1054 2584 1149 2653 de
1197 2584 1360 2654 aliis
1406 2585 1588 2655 iuris
1620 2604 1831 2656 mere
1878 2586 2355 2656 ecclesiastici
2402 2583 2955 2672 impedimentis
2986 2582 3086 2651 di·

625 2691 947 2760 inmitium
996 2696 1129 2761 est.
1256 2771 1261 2776 ,

761 2801 861 2867 12.
911 2799 1126 2880 Quod
1176 2807 1429 2868 autem
1491 2800 1744 2870 attinet
1805 2801 1901 2870 ad
1950 2800 2103 2868 vim
2152 2818 2242 2870 ac
2304 2788 2667 2870 rationem
2716 2797 3085 2886 probandi

625 2931 677 2963 νε
697 2906 1281 2992 uisanguinitatis
1312 2906 1600 2995 gradus
1623 2926 1760 2995 per
1786 2907 2255 2995 parochiales
2281 2907 2579 2977 codices
2604 2913 2831 2995 atque
2854 2910 3085 2975 testes

625 3015 689 3079 in
741 3013 991 3083 causis
1039 3014 1729 3100 matrimonialibus,
1781 3022 2205 3101 exponetur
2254 3013 2441 3086 infra
2491 3011 2538 3081 ⁶.

944 3135 1013 3222 b)
1064 3139 1179 3206 De
1225 3137 1649 3226 spiritualis
1696 3138 2162 3228 cognationis
2212 3137 2757 3230 impedimento.

757 3262 861 3329 13.
895 3261 1249 3351 Cognatio
1282 3262 1698 3353 spiritualis
1730 3270 1846 3334 est
1875 3264 2251 3353 quaedam
2286 3265 2806 3352 propinquitas
2837 3282 3088 3351 perso-

625 3386 916 3455 nam-um,
951 3388 1148 3456 quae
1179 3369 1682 3454 ecclesiastico
1715 3375 1989 3440 statuto
2021 3372 2255 3440 oritur
2302 3389 2402 3440 ex
2449 3371 3086 3441 administratione

625 3487 681 3539 1³!
725 3477 1198 3562 susceptione
1229 3482 1881 3547 sacramentorum
1932 3478 2280 3566 baptismi
2316 3482 2388 3547 et
2417 3476 3007 3548 confirmationis
3038 3474 3083 3543 ⁷.
3175 3520 3183 3528 -

761 3635 773 3667 ¹
820 3634 1160 3695 Leurenius
1195 3636 1302 3695 lib.
1351 3637 1415 3695 4.
1467 3639 1562 3695 tit.
1609 3636 1712 3696 14.
1763 3647 2011 3715 quaest.
2042 3637 2207 3696 225.
2249 3657 2368 3697 nn.
2405 3637 2557 3696 2-3.
2586 3638 3078 3714 —Schmalzgr.

625 3735 729 3787 ciffi,
785 3729 847 3789 4.
897 3734 991 3789 cit.
1046 3731 1151 3791 14.
1203 3752 1271 3790 n.
1326 3732 1434 3792 30.

757 3831 777 3867 '³
821 3830 917 3890 Ex
959 3833 1064 3889 cit.
1116 3850 1283 3908 resp.
1331 3832 1577 3893 Nicolai
1622 3834 1650 3894 Ι
1695 3834 1772 3894 ad
1817 3835 2100 3895 consulta
2147 3837 2584 3914 Bulgarorum.

753 3931 773 3963 ⁵³
817 3931 972 3989 Vide
1015 3931 1386 3991 Laurenium
1434 3933 1546 3991 loc.
1597 3934 1705 3993 cit.
1755 3944 2004 4011 quaest.
2057 3933 2219 3995 226.
2280 3967 2354 3982 -—
2411 3938 2799 4015 Solimalzgr.
2856 3938 2963 3997 lib.
3012 3936 3077 3996 4.

625 4031 713 4083 sir.
777 4026 881 4087 14.
930 4046 998 4085 n.
1051 4026 1140 4085 45
1183 4036 1246 4088 et
1286 4028 1396 4088 47.
1435 4060 1509 4075 -—
1543 4031 1913 4108 Rigantium
1966 4034 2027 4092 in
2081 4035 2318 4109 Requi.
2370 4032 2479 4093 49.
2535 4034 2908 4094 Cancellar.
2971 4052 3079 4110 ap.

629 4147 741 4183 ilii,
809 4125 1039 4187 13-17.

757 4227 777 4259 ⁴
822 4224 1098 4285 Sanchez
1148 4225 1250 4285 lib.
1308 4226 1367 4284 7.
1414 4225 1586 4303 disp.
1638 4227 1748 4287 52.
1800 4247 1870 4286 π.
1933 4230 2034 4288 11.
2083 4248 2222 4290 cum
2264 4231 2592 4292 communi.

817 4323 912 4383 Ex
954 4324 1252 4385 decretali
1299 4325 1640 4387 Innocentii
1683 4327 1797 4399 ΙΙΙ,
1846 4346 1981 4406 cap.
2014 4330 2389 4404 yazcdemus
2435 4331 2499 4388 8.
2548 4331 2627 4390 de
2669 4330 2995 4391 divortii&

753 4427 777 4455 ¹*
819 4423 1280 4501 Disceptatione
1338 4425 1638 4484 secunda:
1697 4425 1792 4483 De
1846 4428 2263 4485 matrimonii
2311 4426 2625 4486 nullitate
2668 4446 2754 4487 ex
2814 4430 3089 4504 impedi-

625 4531 836 4577 nwuto
879 4522 1485 4596 consanyut’nitatis
1532 4525 1707 4579 inter
1748 4524 2224 4583 contrahente&

757 4619 777 4651 Τ
821 4619 1050 4678 Sanch.
1104 4618 1213 4678 lib.
1264 4617 1325 4677 7.
1376 4617 1543 4695 disp.
1596 4617 1707 4678 54.
1758 4639 1826 4678 n.
1874 4620 1929 4679 1.
1967 4652 2040 4665 —
2077 4622 2347 4699 Pirhing
2382 4623 2488 4682 lib.
2526 4624 2590 4681 4.
2627 4627 2724 4684 tit.
2767 4625 2871 4685 11.
2910 4644 2978 4683 n.
3021 4625 3081 4683 1.
