3509 5317
3008 23 3013 31 ¹
3140 21 3220 35 Ᾰ”·ι
3264 31 3277 35 i,

3137 48 3138 52 ,
3219 41 3286 52 ,υ-
3344 47 3356 56 .

1767 487 2122 546 -428—

712 627 870 696 sive
919 625 1259 713 aliorum,
1309 629 1435 716 qui
1484 645 1871 715 personas,
1923 627 2015 697 de
2049 626 2327 715 quibus
2375 626 2634 715 agitur,
2685 629 3182 714 cognoscunt.

714 733 789 804 Si
836 734 1256 821 constiterit,
1293 735 1364 802 in
1397 741 1632 804 aetate
1665 735 1915 804 adhuc
1948 732 2245 804 infantili
2285 732 2667 820 sponsalia
2715 733 2888 802 inita
2922 730 3183 819 fuisse,

713 842 1316 931 investigandum
1390 845 1543 929 erit,
1598 830 1849 912 utrum
1897 847 2068 930 post
2129 842 2602 929 septennium
2651 839 2925 910 fuerint
2973 859 3187 909 reno—

717 955 904 1034 vata,
954 955 1084 1021 aut
1128 950 1392 1019 saltem
1447 949 1822 1020 ratificata.

846 1057 954 1125 34.
1004 1056 1075 1125 Si
1129 1075 1327 1142 vem,
1380 1063 1458 1126 ut
1506 1057 1911 1144 aliquando
1959 1057 2330 1146 contingit,
2383 1058 2762 1144 sponsalia
2812 1055 3087 1128 fuerint
3131 1078 3175 1127 a

712 1164 1149 1249 parentibus
1195 1170 1594 1250 contracta,
1653 1165 1881 1234 iudex
1927 1183 2341 1253 agnoscere
2403 1165 2724 1251 curabit,
2773 1165 3181 1237 cuiusnam

713 1269 972 1339 aetatis
1017 1268 1285 1341 fuerint
1331 1272 1465 1359 ipsi
1498 1271 1646 1357 filii,
1681 1272 1987 1359 quando
2020 1289 2289 1340 eorum
2314 1278 2663 1358 parentes
2696 1273 2963 1341 eadem
3015 1273 3191 1342 inie-

715 1384 920 1464 runt3
970 1379 1142 1464 quia
1190 1379 1250 1447 si
1301 1381 1371 1446 in
1427 1384 1666 1451 aetate
1715 1380 1965 1449 adhuc
2012 1378 2311 1448 infantili
2347 1377 2681 1465 fuissent,
2731 1385 3020 1449 certum
3068 1389 3190 1449 est

713 1489 1176 1555 contractum
1228 1487 1512 1556 irritum
1563 1485 1827 1574 fuisse3
1878 1488 1938 1557 si
1990 1506 2170 1556 vero
2219 1488 2332 1556 vel
2405 1488 2838 1574 impuberes
2890 1485 3007 1556 vel
3055 1507 3191 1574 pu-

716 1592 953 1678 beres,
989 1599 1414 1663 contractus
1448 1599 1624 1663 tunc
1656 1594 2138 1665 solummodo
2180 1594 2472 1664 validus
2520 1599 2738 1681 esset,
2788 1595 2852 1661 si
2898 1591 3028 1662 filii
3058 1612 3191 1663 ex-

715 1713 980 1787 presse
1028 1700 1146 1769 vel
1193 1701 1456 1770 saltem
1506 1701 1719 1770 tacite
1751 1703 2284 1788 consenserint,
2320 1710 2455 1771 aut
2484 1708 2743 1788 postea
2791 1703 3194 1790 sponsalia

714 1825 981 1875 eorum
1029 1808 1332 1877 nomine
1380 1827 1423 1877 a
1473 1810 1910 1895 parentibus
1958 1810 2128 1881 inita
2164 1809 2607 1879 ratificarint.
2673 1811 2901 1899 Igitur
2952 1811 3187 1898 inqui*

679 1914 1036 1997 ,rendum
1090 1914 1224 1984 erit
1255 1915 1347 1982 de
1396 1917 1644 2001 modO,
1680 1935 1834 2003 quo
1867 1918 2241 2004 sponsalia
2310 1916 2580 1987 fuerint
2633 1924 3046 2003 contracta3
3084 1919 3186 1988 de

716 2021 982 2110 agendi
1048 2023 1328 2092 ratione
1396 2021 1722 2092 filiorum
1790 2026 1949 2094 sive
1997 2044 2172 2094 curn
2239 2045 2322 2095 ea
2391 2025 2974 2112 celebrarentur,
3024 2027 3193 2097 sive

717 2146 891 2196 cum
946 2137 1481 2217 cognoverunt,
1533 2132 1708 2219 quid
1760 2150 1898 2219 pro
1945 2132 2127 2218 ipsis
2172 2141 2524 2219 parentes
2571 2133 2872 2221 egerint,
2929 2142 3187 2204 utrum

715 2257 993 2326 nempe
1041 2239 1289 2326 aliquo
1338 2239 1566 2308 modo
1618 2238 1891 2309 facturn
1944 2240 2406 2326 admiserint,
2459 2240 2574 2310 vel
2622 2246 2879 2311 contra
2933 2243 3191 2329 ipsum

716 2348 1094 2433 protestati
1145 2345 1433 2431 fuerint,
1485 2347 1599 2417 vel
1661 2347 1927 2417 saltem
1990 2349 2442 2419 ostenderint
2477 2367 2665 2423 ⁴sese
2712 2368 2943 2436 aegre
2989 2349 3194 2422 ferre

719 2459 1018 2539 pactum
1085 2455 1571 2541 praedictum.
1643 2456 1756 2524 Ad
1827 2456 2027 2525 hunc
2089 2454 2321 2525 finem
2384 2457 2864 2526 examinandi
2944 2467 3191 2544 erunt,

718 2562 841 2647 qui
891 2563 1294 2631 contractui
1345 2560 1765 2649 adfuerunt,
1822 2564 1935 2631 vel
1982 2565 2109 2656 qui
2158 2569 2231 2632 et
2257 2569 2721 2633 contractum
2758 2570 2831 2634 et
2875 2583 3197 2651 sponso-

718 2687 887 2736 rum
943 2670 1395 2739 voluntatem
1448 2675 1921 2756 perspectam
1976 2670 2254 2741 habere
2318 2675 2741 2757 potuerunt,
2794 2671 2958 2757 ipsa
3009 2691 3191 2759 quo-

717 2794 866 2862 que
912 2795 1368 2862 sponsorum
1420 2777 1691 2865 agendi
1746 2778 1928 2847 ratio
1978 2785 2129 2846 tam
2179 2779 2365 2847 inter
2414 2796 2518 2863 se,
2567 2796 2798 2865 quam
2853 2798 3034 2867 erga
3070 2799 3198 2866 pa-

719 2892 971 2955 rentes
1005 2886 1465 2974 exploranda
1527 2888 1697 2956 erit:
1750 2892 1996 2957 utrum
2038 2894 2422 2974 tamquam
2476 2905 2809 2975 sponsos
2858 2907 3033 2957 sese
3066 2889 3195 2957 ha-

720 2993 1030 3078 buerint,
1095 2999 1349 3064 utrum
1406 2993 1499 3064 de
1558 2992 1809 3063 futuro
1883 2995 2355 3064 matrimonio
2416 2990 2857 3082 colloquuti,
2908 3005 2985 3065 et
3029 3014 3187 3083 quo

719 3117 980 3168 amore
1028 3117 1197 3169 sese
1247 3107 1509 3170 mutuo
1546 3103 1985 3190 prosequuti
2020 3099 2310 3171 fuerint.
2346 3102 2421 3171 Si
2454 3101 2880 3189 constiterit,
2907 3102 3186 3172 ambos

717 3209 849 3276 aut
895 3205 1212 3274 alterum
1260 3206 1524 3276 saltem
1578 3209 2054 3278 matrimonio
2104 3209 2475 3278 obstitisse
2509 3214 2581 3278 et
2611 3214 3044 3279 constanter
3069 3228 3195 3296 pa·

720 3317 1018 3380 rentum
1067 3312 1423 3382 voluntati
1473 3315 1848 3398 restitisse,
1897 3321 2155 3385 contra
2189 3316 2659 3402 sponsalium
2709 3315 3187 3385 existentiam

720 3417 1075 3488 iudicium
1125 3421 1388 3506 poterit
1433 3421 1769 3508 proferri.
1819 3423 1893 3492 Si
1960 3430 2216 3493 contra
2272 3423 2704 3508 constiterit,
2755 3423 2874 3492 vel
2924 3442 3194 3510 paren-

723 3525 918 3595 tibus
967 3545 1117 3594 non
1167 3529 1544 3616 restitisse,
1596 3531 1713 3599 vel
1762 3532 2005 3600 media
2040 3537 2481 3618 opportuna,
2521 3532 2591 3598 in
2642 3532 2944 3617 propria
3000 3536 3192 3617 pote-

721 3637 906 3702 state
955 3635 1213 3722 posita,
1271 3655 1422 3705 non
1484 3638 1920 3707 adhibuisse
1970 3645 2049 3708 ut
2096 3639 2659 3708 matrimonium
2710 3638 3179 3725 impedirent,

722 3748 794 3811 et
840 3753 921 3811 ut
967 3749 1314 3831 parentes
1348 3764 1388 3813 a
1428 3745 1807 3831 proposito
1847 3753 2336 3828 removerent,
2372 3745 2742 3815 ordinarie
2781 3764 2920 3831 pro
2963 3764 3181 3833 spon-

721 3849 993 3917 salium
1043 3855 1115 3919 et
1160 3851 1671 3938 impedimenti
1720 3853 2101 3922 existentia
2162 3853 2646 3921 iudicandum
2705 3853 2862 3921 erit.
2912 3853 3186 3921 Dicitur

722 3956 1134 4044 ordinarie,
1188 3959 1362 4046 quia
1414 3959 1476 4027 si
1524 3978 1722 4046 pars,
1759 3978 1956 4047 quae
1989 3960 2366 4047 sponsalia
2404 3960 2814 4048 impugnat,
2864 3957 3181 4028 affirma-

724 4067 912 4135 verit
955 4067 1092 4135 sibi
1128 4065 1455 4138 defuisse
1494 4068 1902 4140 libertatern
1937 4068 2372 4155 parentibus
2405 4067 2984 4154 contradicendi,
3023 4084 3182 4136 eos-

722 4172 1048 4259 demque
1096 4193 1138 4243 a
1196 4175 1580 4261 proposito
1646 4174 2087 4261 retrahendi,
2141 4175 2322 4244 ratio
2371 4175 2585 4244 istius
2646 4180 2985 4244 assertae
3030 4190 3184 4241 coa·

722 4279 981 4348 ctionis
1029 4281 1166 4349 erit
1212 4280 1581 4350 habenda.
1635 4373 1638 4378 ι
1699 4343 1707 4348 .
