3509 5317
1345 446 1773 540 -129-¹

292 615 776 686 clandestinis
843 615 1200 706 coniuyiis
1268 621 1522 687 ortum
1567 615 1843 685 habent
1879 615 1923 701 ²,
1972 616 2237 685 eadem
2302 615 2752 685 clandestina-1

294 725 775 794 matrimonia
822 724 1025 795 nulla
1074 728 1147 794 et
1191 725 1385 794 irrita
1436 723 1840 793 declaravit
1872 723 1988 791 his
2023 723 2303 792 verbis:
2360 721 2502 801 Qui
2544 722 2764 792 atim

292 821 532 919 quam
577 812 1002 920 praesente
1022 832 1359 920 parocho
1408 830 1523 899 cel
1568 827 1717 899 alio
1776 828 2168 899 sacerdote
2214 828 2308 899 de
2354 827 2591 919 ipsius
2634 852 2764 920 pss-

294 935 513 1007 rochi
555 957 688 1006 seu
736 922 1113 1007 ordinarii
1154 936 1450 1005 licentia
1495 941 1568 1005 et
1613 934 1907 1006 duobus
1955 935 2069 1005 cel
2117 935 2355 1005 tribus
2428 936 2756 1012 testibus,

294 1043 868 1114 matrimonium
937 1046 1383 1114 contrahere
1452 1042 1934 1113 attentabunt
1960 1096 1985 1130 ,
2059 1063 2183 1113 eos
2248 1052 2514 1114 sancta
2592 1047 2764 1134 Sys-i-

295 1151 489 1219 odus
541 1151 647 1221 ad
691 1150 799 1220 sic
841 1152 1439 1222 contrahendum
1487 1149 1788 1219 omnino
1834 1150 2191 1221 inhabiles
2225 1151 2499 1239 reddit,
2538 1157 2612 1221 et
2643 1156 2768 1221 his-

298 1258 634 1328 iusmodi
673 1265 1106 1329 contractus
1177 1258 1435 1329 irritos
1480 1264 1552 1328 ct
1598 1257 1840 1327 nullos
1909 1279 2067 1329 esse
2126 1259 2485 1346 decernit,
2537 1272 2766 1349 proisi

296 1383 420 1434 cos
464 1365 862 1455 praesenti
904 1366 1202 1437 decreto
1271 1365 1528 1436 irritos
1558 1365 1761 1455 facit
1805 1370 1875 1435 ct
1922 1365 2287 1436 annullat.
2337 1404 2379 1416 —
2427 1367 2648 1437 Addit
2700 1372 2760 1436 in

297 1473 482 1544 fine:
542 1475 896 1543 Decernit
967 1473 1302 1563 insuper,
1359 1481 1443 1544 ut
1511 1473 1938 1543 huiusmodi
2006 1474 2389 1544 decretum
2459 1473 2537 1544 in
2596 1495 2772 1544 um:-

300 1602 611 1670 quaque
676 1583 1045 1671 parochia
1112 1602 1335 1652 suum
1383 1582 1619 1652 robur
1687 1589 1862 1670 post
1914 1581 2221 1672 trigyinta
2291 1582 2451 1653 dies
2498 1583 2772 1653 habam²

299 1682 613 1777 incipiat
645 1710 696 1758 a
743 1687 862 1758 dic
903 1687 1205 1778 primae
1251 1688 1769 1778 publicationis
1818 1687 1892 1756 in
1940 1689 2200 1759 eadem
2244 1683 2612 1780 parachia
2643 1692 2768 1780 sss-

299 1800 465 1863 ctac
515 1794 1032 1865 numerandos
1065 1793 1111 1862 ².

434 1905 846 1991 Agendum
897 1905 1145 1993 itaque
1192 1910 1305 1974 est
1353 1903 1426 1971 1⁰
1459 1905 1553 1973 de
1605 1904 1670 1971 vi
1721 1904 1949 1972 huius
1995 1900 2268 1972 decreti
2286 1923 2304 1991 3
2354 1933 2399 1951 —·-
2433 1902 2511 1972 2⁰
2539 1904 2633 1973 de
2664 1928 2776 1972 ar:-

301 2011 636 2080 sistentia
689 2012 994 2098 parochi
1043 2018 1117 2081 et
1162 2011 1493 2096 testium3
1543 2047 1585 2059 —
1630 2010 1708 2079 30
1743 2010 1839 2079 de
1889 2011 1955 2077 vi
1991 2010 2473 2098 synodalium
2517 2014 2776 2080 consti-

303 2117 678 2185 tutionum
730 2118 980 2205 quoad
1029 2117 1639 2187 clandestinitatis
1687 2116 2346 2207 impedimentum.=

1471 2349 1623 2443 §1-

831 2508 944 2577 Dc
992 2472 1066 2576 ci
1111 2504 1414 2575 Decreti
1469 2505 1767 2575 Concilii
1827 2471 2249 2576 Tridentini.

439 2705 505 2770 6.
560 2701 850 2787 Duplici
897 2720 996 2771 ex
1042 2701 1306 2789 capit-e,
1353 2701 1422 2769 vi
1485 2702 1710 2770 huius
1758 2700 2051 2787 decreti,
2109 2702 2566 2772 clandestina
2608 2687 2776 2772 'nisi-

310 2810 661 2880 trimonia
708 2808 910 2877 nulla
958 2807 1288 2878 evadunt
1334 2814 1403 2878 et
1449 2808 1670 2878 irrita.
1730 2809 1981 2877 Primo
2039 2807 2343 2894 directe,
2408 2829 2649 2897 quum
2700 2812 2780 2880 ἰντ

311 2917 494 2985 ritus
544 2923 620 2984 et
666 2914 919 2984 nullus
965 2914 1414 2984 decernatur
1461 2915 1623 3002 ipse
1693 2922 2156 3002 contractus;
2205 2953 2250 2965 -
2294 2917 2630 2986 secundo
2680 2916 2772 2984 if:-

308 3021 626 3107 dir’ccte,
677 3040 913 3109 quum
948 3022 1313 3091 inhabiles
1347 3023 1758 3092 reddantur
1790 3041 2160 3111 personae
2192 3025 2288 3094 ad
2321 3023 2772 3104 clandestina

309 3129 642 3198 ineunda
691 3129 1058 3218 coniugia.
1107 3166 1152 3178 -
1198 3132 1443 3216 Atque
1490 3129 1663 3199 inde
1710 3131 2069 3217 sequitur,
2118 3130 2488 3200 eiusmodi
2534 3132 2780 3201 deci-222

311 3245 469 3306 tum
521 3235 752 3304 etiam
801 3254 934 3304 eos
980 3234 1301 3322 afficere,
1353 3236 1478 3322 qui
1526 3235 1710 3305 illud
1743 3237 2249 3308 invincibiliter
2280 3238 2651 3327 ignorant3
2688 3244 2776 3308 itu

311 3353 392 3413 ut
436 3342 766 3412 invalide
814 3348 886 3413 et
931 3343 1005 3410 hi
1055 3343 1616 3412 matrimonium
1665 3345 1919 3413 ineant
1966 3345 2039 3411 in
2089 3345 2423 3415 absentia
2473 3352 2776 3432 parochi

314 3459 385 3521 et
426 3452 735 3521 testium
783 3450 910 3519 ubi
958 3450 1346 3520 decretum
1399 3451 1610 3540 viget.
1681 3453 1841 3521 Lex
1905 3453 2107 3521 e'nim
2163 3453 2456 3522 irritans
2503 3460 2774 3532 actum*

318 3557 673 3627 effectum
719 3558 1022 3627 sortitur
1070 3558 1658 3646 independenter
1706 3560 1804 3627 ab
1851 3564 2118 3647 agente
2164 3560 2324 3628 sive
2371 3559 2492 3630 hic
2541 3560 2776 3648 legem

318 3666 610 3736 noverit
657 3666 817 3733 sive
848 3665 1319 3754 ignoraverit,
1355 3684 1444 3734 eo
1471 3665 1842 3736 duntaxat
1870 3667 2320 3750 discrimine,
2354 3668 2558 3754 quod
2592 3670 2732 3757 ign*⁴
2752 3696 2788 3732 :1-

453 3899 470 3934 ¹
521 3897 758 3957 Ooncil.
806 3897 1088 3957 Trident.
1135 3899 1242 3958 cit.
1295 3898 1447 3956 loco.
1482 3904 1538 3941 ’-
1577 3898 1750 3958 Mala
1803 3904 2054 3970 autem,
2100 3917 2256 3975 quae
2317 3918 2394 3959 ex
2457 3901 2788 3960 clandesti—

323 3995 520 4055 nitate
563 3994 926 4054 oriebantur
987 3995 1374 4072 potissimum
1421 3997 1571 4054 haec
1612 4002 1818 4069 erant,
1865 3998 2020 4074 quod
2084 3998 2457 4058 clandestini
2500 4001 2784 4076 coningos

322 4109 501 4170 saepe
531 4095 610 4152 ab
643 4092 907 4152 invicem
955 4093 1335 4166 recederent,
1371 4095 1618 4171 aliaque
1662 4097 1905 4172 publice
1937 4098 2171 4155 inirent
2213 4099 2520 4174 coniugia,
2555 4101 2616 4158 in
2655 4120 2788 4176 pii-1·÷

325 4192 525 4266 petuis
555 4191 845 4252 viverent
873 4191 1230 4264 adulteriis;
1267 4192 1665 4253 matrimonia
1695 4212 1833 4253 cum
1865 4194 2321 4271 impedimentis
2350 4197 2624 4256 invalide
2652 4220 2784 4256 cuns-

324 4288 764 4346 traherentur:
815 4288 991 4364 idque
1036 4307 1258 4366 magno
1288 4289 1427 4348 fidei
1472 4291 1839 4368 coniugalis,
1872 4292 2064 4368 prolis
2094 4310 2165 4350 ac
2196 4296 2570 4353 sacramenti
2602 4296 2788 4353 detri-

329 4395 529 4448 mento
574 4393 639 4446 et
681 4392 1054 4465 contemptu,
1090 4388 1369 4447 Ecclesia
1398 4391 1694 4450 eiusmodi
1738 4391 2009 4451 occultos
2041 4392 2366 4469 ignorante
2408 4399 2784 4460 contractus,

328 4485 593 4561 adeoque
636 4485 907 4545 debitam
953 4505 1067 4545 non
1114 4487 1363 4547 valente
1404 4489 1629 4547 afferre
1676 4489 1997 4548 medelam.

460 4583 484 4620 ‘³
527 4584 808 4643 Trident.
857 4603 1010 4643 sess.
1063 4584 1172 4643 24.
1225 4604 1367 4661 cap.
1419 4591 1678 4646 tametsi
1728 4589 1785 4647 1;
1837 4590 1916 4646 de
1961 4591 2296 4663 reformat.
2349 4594 2637 4652 matrim.

488 4717 795 4760 MANSELLA.
830 4719 900 4759 De
929 4719 1348 4769 Jmpedtmentts.
