3509 5317
1755 501 2113 562 —394—

713 641 1144 730 premimur,
1194 651 1351 712 tum
1403 642 1625 711 etiam
1683 647 1989 729 propter
2038 641 2628 731 magnitudinem
2694 639 3181 728 gravitatem-

713 774 857 838 que
907 769 1185 836 rerum,
1235 769 1427 837 quas
1475 750 1546 817 in
1597 749 1861 820 iisdem
1910 750 2263 820 contineri
2314 748 2869 837 perspeximus.
2922 749 3185 828 Quum

713 862 906 930 cnim
959 864 1261 928 exortas
1322 857 1535 926 isthic
1603 858 1973 946 quasdam
2041 876 2191 927 non
2255 857 2461 926 leves
2516 856 2611 924 de
2675 854 3183 923 matrimoniis

713 966 991 1034 rcfcras
1038 965 1539 1053 quaestiones,
1590 982 1680 1034 ac
1726 965 1820 1033 de
1868 966 1955 1034 iis
2006 971 2351 1035 nostrum
2401 964 2762 1051 exquiras
2833 960 3188 1049 apostoli-

713 1094 885 1142 cum
936 1071 1311 1158 iudicium,
1362 1091 1512 1159 quo
1559 1077 1839 1142 certam
1894 1091 1984 1143 ac
2031 1078 2268 1142 tutam
2319 1071 2656 1160 regulam
2692 1088 2966 1139 omnes
3002 1086 3187 1137 una-

713 1180 887 1247 nimi
937 1198 1168 1249 sensu
1218 1183 1517 1249 teneant
1584 1186 1809 1266 atque
1877 1185 2333 1266 sequantur,
2386 1184 2467 1246 ut
2515 1177 2884 1247 maturius
2948 1176 3023 1243 in
3096 1194 3186 1244 re

713 1286 887 1358 tanti
937 1287 1289 1355 momenti
1343 1285 1754 1355 deliberare
1802 1304 2230 1373 possemus,
2283 1285 2625 1354 adhibitis
2658 1284 2729 1351 in
2772 1283 3182 1352 consilium

713 1394 1090 1463 ncnnullis
1159 1413 1278 1460 vv.
1329 1392 1402 1460 ff.
1454 1394 1726 1462 nostris
1774 1394 1847 1463 S.
1884 1396 1968 1463 R.
2005 1396 2082 1462 E.
2147 1393 2698 1478 CardinalibuS,
2750 1410 3184 1479 eorumque

713 1522 861 1570 non
912 1503 1182 1587 minuS,
1232 1519 1466 1589 quam
1512 1490 1935 1590 aliquorum
1978 1502 2394 1589 theologica
2429 1501 2757 1570 doctrina
2796 1507 3187 1587 praestan-

713 1610 894 1678 tium
942 1609 1280 1677 virorum
1327 1608 1713 1696 exquisitis
1769 1609 2187 1696 suffragiiS,
2238 1610 2546 1679 easdem
2609 1625 2869 1677 coram
2943 1606 3184 1674 Nobis

713 1717 1261 1786 cxaminandas
1330 1717 1787 1785 curavimus.
1859 1717 2203 1787 Ceterum
2275 1716 2708 1803 religionem
2769 1714 3182 1801 zelumque

713 1830 922 1890 tuum
973 1823 1046 1890 in
1099 1823 1375 1909 primia,
1428 1831 1788 1912 tuamque
1837 1823 1907 1891 in
1962 1824 2156 1893 hanc
2202 1842 2262 1892 s.
2298 1823 2569 1893 Sedern
2606 1821 3177 1893 observantiam

713 1930 972 1998 affusis
1019 1948 1108 1999 ac
1153 1930 1375 2017 plane
1421 1929 1684 1999 debitis
1755 1931 2289 2018 prosequimur
2351 1929 2742 2016 laudibuS,
2794 1930 3001 2016 quod
3074 1949 3180 1998 ex

717 2037 940 2106 vctcri
989 2054 1218 2120 more,
1269 2036 1743 2124 institutoque
1794 2037 2163 2105 maiorum
2217 2037 2410 2107 hanc
2459 2037 2649 2107 Petri
2720 2036 3175 2107 Cathedram

713 2142 1256 2212 consulendam
1307 2161 1476 2212 esse
1507 2142 1896 2212 censueris
1935 2141 1953 2175 ¹
2004 2162 2153 2211 non
2191 2144 2501 2232 ignarus
2533 2143 2857 2231 antiquis
2895 2142 3181 2230 regulis

713 2251 1076 2319 sancitum
1148 2249 1421 2337 fuisse,
1475 2255 1550 2318 ut
1598 2248 1959 2337 quidquid
2026 2252 2375 2338 quamvis
2439 2252 2506 2318 in
2577 2250 2882 2320 remotis
2931 2249 3047 2319 vel
3099 2251 3178 2317 in

717 2358 1120 2446 king-inquo
1167 2358 1425 2445 positis
1470 2364 1823 2446 ageretur
1891 2359 2331 2445 provinciis,
2381 2377 2533 2427 non
2583 2358 2794 2447 prius
2863 2365 3183 2428 tractan-

713 2466 892 2531 dum
948 2463 1062 2532 vel
1111 2464 1625 2551 accipiendum
1675 2482 1866 2550 esse,
1917 2465 2058 2533 nisi
2109 2466 2202 2534 ad
2254 2465 2588 2533 notitiam
2651 2464 2898 2534 almae
2957 2463 3179 2533 Sedis

713 2586 1011 2642 mastrae
1057 2571 1319 2643 fuisset
1363 2573 1793 2658 deductum,
1847 2577 1927 2640 ut
1975 2571 2199 2640 huius
2246 2571 2698 2656 auctoritate,
2749 2571 2937 2640 iusta
2975 2588 3180 2657 quae
3217 2575 3221 2578 ’

713 2682 969 2750 fuisset
1017 2680 1549 2766 pronunciatio,
1598 2677 2047 2765 firmaretur,
2086 2679 2408 2766 indeque
2454 2686 2845 2748 sumerent
2875 2684 3175 2747 ceterae

709 2786 1126 2873 Ecclesiae,
1179 2786 1378 2855 velut
1423 2787 1517 2855 de
1564 2785 1789 2856 natali
1836 2804 1979 2854 suo
2025 2784 2265 2872 fonte,
2318 2785 2888 2873 praedicationis
2957 2803 3175 2855 exor-

709 2898 913 2965 dium
942 2949 960 2981 ,
1011 2901 1082 2963 et
1129 2913 1261 2981 per
1307 2895 1646 2963 diversas
1694 2895 1912 2962 totius
1964 2892 2220 2961 mundi
2272 2894 2616 2982 regiones
2662 2893 3004 2980 puritatis
3073 2893 3180 2960 in-

709 3009 1106 3089 ccrruptae
1154 3014 1551 3073 manarent
1592 2999 1768 3070 fidei
1815 3015 2289 3071 sacramenta
2338 3001 2620 3070 salutis.

845 3114 1085 3198 Atque
1119 3115 1200 3178 ut
1230 3110 1325 3179 ad
1376 3128 1535 3178 rem
1589 3109 2069 3196 accedamus,
2106 3109 2280 3179 illud
2317 3110 2559 3198 primo
2590 3109 2824 3179 Nobis
2858 3110 2929 3177 in
2964 3129 3179 3197 prae·

709 3218 918 3286 dictis
951 3216 1096 3286 tuis
1130 3215 1378 3285 litteris
1412 3215 1864 3306 significasti,
1901 3216 2313 3286 Electorem
2351 3216 2791 3303 Palatinum,
2826 3218 2946 3286 die
2978 3218 3022 3286 8
3047 3235 3175 3284 no-

713 3324 1041 3394 vembris
1086 3325 1261 3393 anni
1294 3326 1638 3413 proxime
1672 3325 1927 3412 elapsi,
1964 3325 2331 3394 Monachii
2369 3344 2505 3412 pro
2537 3330 2684 3394 tota
2721 3343 2860 3394 sua
2895 3325 3172 3397 ditione

709 3434 1006 3502 dcdisse
1053 3432 1516 3519 mandatum,
1551 3451 1702 3520 quo
1736 3434 2309 3521 protestantium
2344 3434 2999 3503 matrimoniorum
3031 3434 3172 3502 dis-

709 3538 1152 3608 sclutionem
1181 3591 1197 3624 ,
1249 3538 1836 3609 acatholicorum
1907 3545 2419 3610 conventuum
2490 3543 2851 3610 sententia
2923 3541 3171 3611 decre·

709 3654 880 3730 tam,
916 3646 1193 3734 ubique
1241 3653 1630 3734 tamquam
1665 3647 1994 3717 validam
2032 3648 2462 3718 habendam
2496 3667 2682 3738 esse,
2721 3650 3169 3739 nullumque

713 3753 1322 3838 impedimentum
1374 3754 1565 3841 parti
1612 3754 1705 3823 ita
1754 3754 2066 3841 solutae,
2103 3756 2166 3823 si
2213 3755 2574 3826 catholico
2609 3757 2727 3825 vel
2758 3757 3172 3827 catholicae

709 3862 991 3928 nuhere
1045 3859 1228 3941 velit,
1280 3860 1907 3946 interponendum
1960 3879 2175 3931 esse:
2225 3870 2385 3932 tum
2438 3880 2616 3932 vero
2649 3882 2697 3931 a
2728 3864 3170 3933 Marchione

709 3966 1026 4035 Badensi
1075 3967 1271 4036 idem
1321 3987 1624 4056 quoque
1673 3970 2134 4056 mandatum,
2184 3970 2481 4041 decreto
2530 3971 2669 4041 diei
2717 3974 2801 4040 31
2855 3973 3170 4044 ianuarii

709 4074 1073 4141 currentis
1119 4075 1315 4156 anni,
1365 4075 1799 4161 adoptatum
1834 4073 2068 4145 fuisse
2101 4083 2251 4146 tam
2287 4096 2426 4164 pro
2461 4062 2684 4147 terris
2711 4078 3167 4149 palatinatus

709 4178 1065 4247 inferioris
1112 4178 1204 4248 ad
1272 4185 1588 4250 tract-um
1662 4181 1945 4269 Rheni,
1997 4202 2225 4271 quam
2277 4197 2414 4272 pro
2464 4184 2745 4272 reliqua
2809 4189 2965 4255 tota
3025 4203 3163 4254 sua

709 4286 1021 4371 Diticne,
1070 4305 1155 4355 ea
1206 4291 1460 4356 tamen
1509 4289 1849 4376 apposita
1897 4289 2353 4378 conditione,
2407 4292 2822 4378 parochurn
2872 4291 3168 4362 catholi-

845 4522 857 4554 ¹
906 4521 974 4579 In
1020 4519 1221 4595 Epist.
1268 4519 1560 4579 Afrorum
1625 4521 1701 4579 ad
1744 4521 2129 4581 Theodorum
2173 4523 2407 4599 Papam
2472 4522 2534 4580 in
2580 4521 2816 4582 Concil.
2862 4522 3155 4582 Lateran.

705 4618 817 4674 auh
865 4616 1132 4676 Martino
1177 4617 1225 4675 Ι.
1273 4617 1410 4675 Act.
1461 4617 1523 4674 2.
1575 4625 1722 4676 tom.
1776 4618 1839 4676 6.
1889 4619 2123 4678 Concil.
2171 4620 2365 4679 Labb.
2406 4635 2564 4696 pay.
2621 4616 2774 4679 128.
2817 4619 3076 4680 inserta.
