3509 5317
889 1078 1323 1187 PARS
1391 1079 2206 1190 SECUNDA.

430 1346 563 1422 DE
623 1345 1098 1423 RATIONE
1158 1347 1772 1426 'FRACTANDI
1834 1351 2191 1441 ATQUE
2252 1351 2644 1430 AGENDI

871 1470 1270 1550 CAUSAS
1332 1473 2237 1553 MATRIMONIALES.

452 1733 661 1813 Quae
710 1751 952 1820 usque
999 1752 1200 1804 nunc
1240 1734 1334 1802 de
1365 1734 1884 1806 dirimentibus
1930 1737 2480 1824 impedimentis
2512 1759 2602 1809 ac
2644 1740 2784 1808 dis-

324 1842 883 1929 pensationibus
931 1843 1599 1913 matrimonialibus
1645 1846 2145 1931 exposuimus
2195 1847 2648 1933 praemissis1
2684 1852 2780 1916 de

323 1950 993 2020 matrimonialibus
1042 1952 1522 2037 processibus
1569 1958 1879 2039 agentes
1910 1954 1982 2021 in
2017 1953 2210 2023 duas
2243 1955 2607 2024 sectiones
2644 1964 2776 2024 tra-

322 2059 716 2128 ctationem
765 2057 1185 2145 dividimuS,
1236 2077 1560 2146 quarum
1626 2061 1694 2128 in
1759 2062 2006 2148 prima
2050 2060 2144 2130 de
2185 2081 2547 2152 processu
2604 2064 2780 2132 imit*

323 2163 495 2232 ciali
537 2163 611 2232 in
657 2163 907 2234 causis
951 2163 1315 2234 nullitatis
1361 2166 1851 2253 matrimonii,
1892 2167 1964 2237 in
1998 2168 2225 2239 altera
2273 2169 2367 2238 de
2398 2172 2780 2240 matrimu-

321 2268 502 2338 niali
541 2289 900 2359 processu
947 2269 1023 2340 in
1068 2290 1304 2340 causa
1351 2269 1927 2361 dispensationis
1988 2275 2452 2346 matrimonii
2508 2284 2660 2348 rati
2708 2288 2780 2348 et

324 2394 466 2443 non
514 2376 1016 2445 consummati
1058 2396 1397 2467 agemus.
1447 2418 1492 2427 -
1538 2380 1643 2451 Sit
1688 2382 1972 2470 itaque:

1292 2691 1698 2770 SEOTIO
1744 2694 1810 2768 Ι.

412 2886 507 2950 D'E
557 2899 920 2950 PROCESSU
972 2900 1314 2951 IUDICIALI
1366 2904 1439 2951 IN
1490 2902 1740 2952 CAUSIS
1783 2902 2205 2952 NULLITATIS
2237 2902 2688 2952 MATRIMONH*

454 3124 632 3192 Post
678 3122 939 3191 initum
975 3121 1532 3191 matrimonium
1568 3121 1628 3189 si
1663 3119 1966 3207 aliquod
2000 3121 2392 3210 detegatur
2422 3123 2780 3193 dirimens

324 3228 977 3319 impedimentum,
1028 3230 1347 3299 servatis
1391 3230 1486 3298 de
1550 3230 1707 3298 iure
1756 3230 2185 3316 servandis,
2237 3231 2353 3300 vel
2402 3231 2780 3318 dispensa-

326 3338 519 3408 tione
570 3338 794 3407 modo
844 3337 1217 3406 ordinario
1270 3335 1387 3406 vel
1433 3336 1987 3423 dispensatione
2021 3337 2094 3405 in
2132 3339 2377 3408 radice
2427 3340 2780 3409 revalida-

325 3450 440 3514 tur
471 3444 926 3532 coniugium,
961 3444 1162 3531 quod
1197 3449 1495 3515 extante
1530 3443 2001 3515 ecclesiastici
2035 3444 2217 3513 iuris
2249 3445 2780 3532 impedimento

321 3553 607 3621 irritum
656 3551 805 3621 fuit.
852 3589 900 3600 -
944 3555 1039 3620 At
1083 3553 1146 3621 si
1193 3552 1748 3638 dispensatione
1797 3551 2186 3620 revalidari
2224 3561 2567 3640 nequeat,
2606 3564 2780 3640 puta.

321 3660 380 3729 si
427 3664 698 3747 agatur
745 3659 840 3729 de
885 3659 1420 3747 impedimento
1469 3659 1650 3728 iuris
1695 3665 2030 3743 naturae,
2084 3658 2199 3727 vel
2248 3665 2500 3746 partes
2559 3660 2780 3728 velint

322 3784 546 3837 suam
595 3766 971 3836 vindicare
1030 3770 1271 3836 status
1332 3765 1783 3852 libertatem,
1833 3784 2063 3837 causa
2115 3766 2603 3853 proponenda
2672 3776 2784 3836 est

320 3894 580 3946 coram
628 3880 1093 3963 competente
1142 3875 1390 3944 Iudice
1436 3874 1688 3962 quoad
1737 3873 2247 3961 impedimenti
2283 3875 2780 3956 existentiam,

321 4001 457 4053 seu
505 3983 601 4053 ad
650 4001 965 4053 causam
1030 3981 1401 4081 agendam
1471 4000 1703 4068 super
1750 3981 2200 4051 matrimonii
2260 3979 2632 4068 firmitate,
2688 4004 2780 4052 an

323 4092 655 4161 validum
703 4090 977 4161 scilicet
1010 4089 1125 4158 vel
1158 4089 1449 4158 irritum
1497 4088 1677 4158 illud
1725 4086 1961 4157 fuerit.
2008 4126 2055 4136 —
2101 4088 2359 4176 Itaque
2400 4092 2780 4178 agendum

323 4207 438 4270 est
492 4198 568 4268 1⁰
616 4199 712 4268 de
755 4195 945 4285 foro
997 4201 1458 4285 competente
1518 4196 1592 4264 in
1662 4196 1917 4265 causis
1987 4197 2688 4299 matrimonialibus-⁸:
2740 4236 2784 4244 —

321 4306 398 4377 2⁰
429 4308 525 4378 de
572 4304 1049 4398 accusatione
1093 4324 1183 4375 ac
1234 4302 1754 4394 testificatione
1805 4304 2271 4391 matrimonii,
2320 4324 2458 4374 seu
2493 4304 2588 4373 de
2616 4324 2780 4392 pas*-

322 4412 525 4483 sonis
587 4414 681 4485 ad
745 4413 815 4482 id
875 4415 1035 4483 iure
1096 4411 1499 4498 habilibus3
1546 4450 1593 4458 —
1637 4411 1712 4480 3⁰
1743 4411 1838 4480 de
1898 4430 2257 4500 processu
2322 4410 2692 4496 iudiciaH;
2740 4452 2784 4460 ψ

321 4521 395 4591 4⁰
439 4522 535 4591 de
595 4539 997 4610 processus
1058 4517 1561 4609 publicatione
1618 4523 1692 4588 et
1747 4516 2313 4607 exceptionibus
2374 4524 2628 4590 contra
2692 4524 2784 4588 te*

323 4636 510 4716 stes;
542 4667 592 4676 -
622 4630 696 4696 5⁰
730 4627 825 4696 de
870 4625 1264 4711 sententia,
1304 4645 1388 4694 re
1419 4624 1776 4710 iudicata,
1816 4624 2125 4713 querela
2159 4631 2231 4695 et
2259 4624 2784 4715 appellatione.
