3509 5317
1391 453 1748 512 ...357-

301 589 590 662 ,induci
639 588 917 677 potuit;
966 588 1170 677 quod
1219 588 1685 660 demonstrat
1722 589 2059 659 animum
2111 586 2598 658 obfirmatum
2649 605 2801 656 mu.-

334 693 541 765 lieris
562 696 1086 780 cohaerentem
1117 695 1445 767 emissae
1470 696 1676 767 decla
1688 696 1968 782 rationi,
1990 715 2139 783 qua
2162 693 2362 765 fassa
2383 702 2515 781 est,
2541 713 2721 783 span
2741 704 2801 760 ta

331 824 486 875 sua
532 809 604 875 et
649 802 1073 875 veluntarie
1119 824 1162 875 a
1213 805 1371 875 viro
1404 803 1637 876 fuisse
1674 805 2077 876 abductam
2127 823 2170 875 e
2220 801 2506 873 tutrieis
2551 801 2797 872 donin.

479 915 585 982 13.
635 913 794 981 Imo
840 930 1016 981 cum
1082 912 1647 982 matrimonium
1705 913 1976 983 iterum
2043 930 2304 982 coram
2352 910 2681 998 parocho
2733 920 2797 976 ιη·

334 1018 673 1105 testibus,
723 1024 896 1107 post
923 1019 1250 1106 spatium
1287 1019 1619 1108 plurium
1664 1018 2042 1088 mensium
2076 1023 2520 1087 renovatum
2567 1013 2801 1088 suen-itt

334 1129 522 1214 quin
571 1126 837 1196 mulier
869 1126 1086 1197 avelli
1119 1145 1169 1196 a
1201 1127 1361 1195 viro
1409 1122 1760 1208 'voluerit;
1810 1126 2201 1196 videbatur
2244 1125 2490 1212 potius
2536 1124 2801 1192 muium¹

336 1232 442 1303 ad
488 1233 722 1303 instar
782 1223 1293 1320 meretricum,
1350 1233 1597 1303 virum
1646 1233 1794 1303 sub
1856 1250 1999 1302 sua
2047 1237 2406 1321 potestate
2470 1230 2801 1308 retinwff,

338 1358 577 1427 quam
608 1339 769 1426 ipsa
819 1339 1196 1410 videretur
1241 1339 1392 1409 sub
1438 1339 1575 1408 viri
1623 1345 1984 1428 potestate
2031 1337 2344 1409 retineri.

341 1534 403 1612 c)
451 1527 930 1613 Neque-raptum
977 1528 1186 1597 haberi
1232 1530 1342 1596 sed
1393 1530 1600 1614 tunam
1645 1530 1719 1597 ad
1775 1529 2204 1597 matrimonium
2252 1529 2498 1607 tiberius
2565 1536 2805 1596 cuntra-

509 1628 760 1696 bendum
805 1629 858 1695 si
906 1645 1021 1697 non
1066 1629 1152 1695 vir
1196 1629 1308 1695 sed
1344 1627 1551 1695 mulier
1594 1627 1780 1717 virum
1812 1627 2249 1708 sollicitaverit,
2279 1633 2344 1695 ut
2385 1629 2461 1695 ab
2505 1643 2581 1694 eo
2625 1628 2809 1696 abdu-

508 1732 777 1794 cer-etur.

484 1886 590 1952 14.
639 1883 915 1953 Iterum
962 1882 1034 1951 in
1082 1900 1237 1952 una
1273 1879 1830 1962 ,Praemisiliem
1891 1880 2259 1950 nuditatis
2303 1877 2801 1964 matrimonii-‘J

341 1993 591 2080 primo
639 1991 1017 2079 proposita
1067 1991 1186 2061 die
1236 1994 1320 2063 18
1368 1991 1520 2062 iulii
1567 1994 1744 2063 1778
1794 1997 1870 2062 et
1908 1989 2204 2061 definita
2256 1988 2376 2058 die
2419 1993 2464 2060 8
2510 1992 2805 2076 augusti

342 2100 691 2169 eiusdem
750 2101 959 2186 anni,
1010 2100 1264 2171 denuo
1327 2098 1774 2170 confirmata
1823 2100 1941 2168 die
1991 2104 2074 2171 17
2141 2098 2319 2169 iunii
2368 2101 2575 2185 1780,
2625 2100 2809 2168 barn*

343 2210 508 2276 erat
551 2205 719 2276 facti
762 2207 1092 2294 species:
1142 2207 1475 2278 Barbara
1524 2207 1812 2296 degens
1857 2207 1929 2275 in
1978 2206 2311 2295 quodam
2359 2204 2809 2275 monastario

344 2314 651 2403 nuptias
682 2313 1066 2401 anhelans,
1101 2312 1673 2385 familiaritatem
1723 2313 2097 2385 contraxit
2141 2330 2317 2383 cum
2365 2312 2693 2382 Xaverio
2745 2328 2813 2380 ιῑιτ.

344 2423 688 2494 eiusdem
738 2421 962 2494 fratre
1010 2423 1431 2503 Francisco‚
1465 2425 1870 2494 occasione
1917 2443 2066 2512 qua
2115 2422 2338 2491 iidem
2384 2421 2809 2509 frequenter

345 2529 445 2600 ad
493 2529 670 2599 illud
706 2531 1247 2601 monasterium
1284 2530 1754 2603 accedebant
1784 2550 2014 2602 causa
2043 2530 2406 2599 invisendi
2437 2547 2620 2599 suas
2649 2548 2813 2596 ῡιιιι-

348 2636 810 2726 sanguineas
856 2637 1130 2709 ibidem
1182 2637 1546 2709 Moniales
1614 2637 2020 2725 professas.
2086 2636 2216 2707 Illa
2275 2637 2473 2708 enim
2534 2636 2809 2724 plui-iaec.

348 2745 579 2815 modo
625 2764 826 2816 cum·
866 2765 1038 2833 uno,
1093 2746 1320 2815 modo
1385 2765 1562 2817 cum
1612 2746 1845 2817 altero
1909 2766 2008 2816 ex
2054 2746 2266 2842 dictis
2310 2745 2661 2817 fratribus
2709 2768 2813 2812 sa-

348 2858 549 2923 creta
586 2853 843 2924 habuit
863 2853 1232 2942 colloquia
1261 2852 1700 2942 eisdemque
1728 2854 2061 2942 pandidit
2079 2852 2534 2924 voluntatem
2568 2873 2809 2928 suam,

350 2983 550 3052 quae
581 2969 739 3033 erat
771 2979 1191 3051 numquam
1219 2961 1720 3049 amplectendi
1754 2968 2034 3033 statum
2085 2961 2513 3049 religiosum
2560 2960 2809 3048 (quam

352 3075 435 3141 ut
479 3071 1055 3158 amplecteretur
1116 3071 1578 3160 exoptabant
1631 3070 2020 3160 parentes)
2071 3071 2202 3141 sed
2252 3070 2809 3141 matrimonium

351 3177 836 3246 contrahendi
882 3180 1333 3264 quantocius
1350 3199 1368 3265 3
1434 3178 1836 3266 habitaque
1884 3178 2135 3248 notitia
2186 3176 2387 3267 quod
2437 3176 2554 3247 alii
2603 3188 2816 3246 erant

353 3284 725 3353 Francisci
786 3289 861 3354 et
912 3286 1216 3355 Xaverii
1282 3284 1547 3355 fratres
1603 3291 1783 3355 natu
1848 3286 2191 3372 maiores,
2243 3285 2530 3375 rogavit
2573 3287 2817 3354 Xaw-

352 3394 571 3479 rium,
622 3399 705 3462 ut
747 3392 888 3462 illis
933 3392 1392 3481 significaret
1438 3412 1524 3463 se
1572 3411 1840 3463 eorum
1888 3393 2096 3463 alteri
2145 3393 2430 3462 nubere
2480 3392 2685 3479 vella,
2729 3396 2809 3460 si-

352 3498 891 3588 gnificaretque
923 3500 1199 3588 pariter
1236 3498 1682 3569 eorumdem
1707 3500 2142 3588 parentibus
2177 3506 2257 3569 ut
2303 3500 2614 3568 rhedam
2649 3504 2813 3568 suii-

356 3606 860 3677 ministrarent
903 3625 1062 3694 pro*
1091 3607 1530 3677 huiusmodi
1590 3608 2105 3677 contrahendo
2155 3606 2645 3692 matrimonio,
2697 3608 2817 3672 ι-έιιΙι

355 3711 545 3782 dens
591 3710 796 3800 quod
843 3714 907 3782 si
939 3713 1084 3781 hoc
1113 3710 1600 3791 frustraretur
1630 3714 2085 3834 coniugium,
2118 3732 2203 3783 se
2248 3718 2587 3800 paratam
2620 3736 2789 3780 assi:

356 3837 494 3907 pro
555 3819 799 3907 aliqua
882 3817 1192 3890 fruenda
1250 3819 1619 3936 libertate,
1681 3821 1889 3910 iungi
1947 3821 2219 3909 cuique
2267 3821 2548 3890 homini
2595 3820 2701 3889 etis
2717 3840 2809 3884 ιιι-ι

355 3923 665 3995 infimae
710 3926 953 3995 sortis.

491 4035 599 4102 15.
651 4033 854 4103 Haec
884 4032 1229 4121 explicita
1268 4035 1648 4106 Barbarae
1682 4035 2034 4105 voluntas
2078 4054 2255 4105 cum
2304 4034 2534 4105 relata
2558 4033 2811 4103 fuissft

282 4186 316 4196 -
357 4141 758 4218 Theroeiae
813 4142 1359 4212 antedictorum
1409 4141 1720 4213 fratrum
1775 4144 2010 4230 matri,
2060 4161 2389 4230 cumque
2436 4143 2620 4212 haec
2669 4160 2787 4208 ιιι

357 4249 653 4318 minerit
696 4248 1097 4319 suasiones
1128 4248 1267 4318 sibi
1304 4247 1545 4320 factas
1578 4250 1676 4321 ab
1721 4269 1867 4320 avo
1901 4255 2242 4321 materno
2274 4250 2610 4320 eiusdem
2653 4252 2737 4316 Βι
2725 4272 2821 4312 ιι

354 4355 609 4440 barae,
643 4359 725 4424 ut
770 4355 965 4424 hanc
998 4355 1163 4424 eius
1195 4361 1502 4443 neptem
1538 4357 1610 4424 in
1645 4376 1966 4426 uxorem
2015 4358 2228 4427 daret
2272 4356 2488 4427 alicui
2526 4375 2620 4426 ex
2657 4360 2813 4424 suis

358 4459 545 4547 filiis,
594 4461 912 4532 rhedam
957 4460 1051 4532 ad
1104 4463 1517 4534 Barbaram
1570 4464 1767 4534 misit
1812 4482 1968 4533 una
2015 4482 2191 4533 cum
2241 4463 2713 4540 cubicularia}
2753 4472 2809 4528 *21

358 4569 740 4658 praecepit
786 4569 1182 4640 Francisco
1245 4568 1399 4639 filio
1466 4576 1546 4640 ut
1591 4572 1660 4640 in
1711 4573 1968 4642 itinere
2027 4572 2505 4642 comitaretur
2552 4572 2817 4640 Barim-
