3509 5317
651 488 658 494 .
732 516 890 576 -u-

192 654 257 741 qui
274 671 325 721 ex
341 658 445 739 parte
462 652 657 738 utriusque
669 653 849 741 coniugia,
864 653 922 722 vel
936 654 995 723 his
1007 653 1263 726 deficientibus
1280 664 1425 746 septem

192 759 304 829 vicini
330 760 453 829 bonae
476 757 601 829 famae
619 757 639 845 ¹,
665 760 773 829 ethis
788 778 940 848 quoque
963 760 1222 838 deficientibus
1238 764 1296 833 alii
1313 771 1426 835 testes

194 869 299 936 omni
323 868 545 954 exceptione
567 866 742 954 maiores,
767 869 826 938 vel
850 870 882 937 si
905 875 958 939 tot
982 870 1110 940 haberi
1135 878 1333 959 nequeant,
1357 873 1430 943 suf·

194 973 325 1044 ficiunt
348 974 546 1060 pauciores
572 974 723 1044 arbitrio
758 977 890 1046 iudicis
907 974 930 1044 ².
954 1014 978 1025 -
1001 978 1145 1059 Quibus
1171 979 1338 1067 expletis,
1366 981 1430 1050 Ec-

194 1084 332 1153 clesiae
354 1083 572 1152 auctoritate
597 1084 877 1153 matrimonium
902 1085 1127 1171 dissolvitur,
1153 1092 1189 1155 et
1212 1106 1301 1174 pars
1332 1107 1430 1176 quae

194 1190 355 1258 coeundi
379 1191 543 1276 potentia
567 1190 687 1277 pollet,
714 1192 771 1259 vel
795 1193 828 1260 si
851 1194 1065 1280 impotentia
1082 1191 1192 1265 fuerit
1206 1198 1428 1283 respectiva,

101 1357 106 1372 .
195 1303 356 1386 utraque
367 1316 458 1385 pars
474 1299 753 1368 matrimonium
770 1318 858 1370 cum
875 1302 990 1372 altera
1004 1320 1168 1390 persona
1182 1303 1313 1390 poterit
1326 1305 1428 1391 inire,

197 1408 267 1475 nisi
291 1414 416 1477 tamen
440 1407 489 1475 ab
513 1407 584 1477 hac
607 1410 787 1479 sententia
811 1406 921 1478 fuerit
945 1409 1172 1497 appellatum
1196 1410 1256 1480 vel
1280 1411 1428 1500 abipso

194 1513 404 1602 coniugalis
428 1514 562 1583 vinculi
589 1514 787 1585 defensore
804 1514 826 1600 ⁸,
851 1534 975 1604 neque
1010 1515 1109 1585 aliud
1134 1517 1263 1586 obstet.

264 1621 301 1690 Si
325 1629 451 1692 autem
476 1643 552 1693 non
577 1623 624 1693 de
647 1621 775 1708 dubia,
802 1622 869 1693 sed
894 1624 942 1692 de
965 1628 1072 1692 certa
1094 1632 1229 1711 agatur
1252 1625 1430 1711 impoten-

195 1726 255 1811 tia,
273 1728 320 1798 ita
337 1735 374 1798 et
388 1729 436 1798 de
449 1729 635 1798 eiusmodi
651 1731 917 1818 impedimento
935 1733 1217 1800 matrimonium
1234 1732 1428 1801 dirimente

194 1833 300 1904 clare
322 1841 466 1905 constet
487 1837 567 1906 sive
592 1857 658 1924 per
680 1838 785 1925 signa
811 1846 910 1908 certa
934 1843 970 1907 et
994 1839 1188 1923 evidentia,
1213 1843 1252 1907 ut
1270 1838 1357 1925 quia
1374 1838 1430 1906 vir

195 1944 375 2014 testiculis
398 1951 500 2014 caret
523 1949 587 2014 aut
610 1947 691 2015 eius
714 1947 822 2034 penis
846 1946 1013 2034 atrophia
1040 1946 1194 2032 laborat,
1220 1983 1242 1994 -
1265 1947 1348 2017 sive
1363 1966 1430 2034 per

198 2049 411 2120 verisimilia
435 2051 506 2121 alia
531 2053 648 2139 signa,
673 2070 722 2121 ex
746 2052 885 2140 quibus
903 2053 1055 2123 moralis
1070 2053 1250 2122 certitudo
1267 2060 1429 2139 eruatur,

197 2174 297 2243 quae
320 2157 357 2223 in
383 2157 561 2251 humanis
584 2157 794 2246 aequivalet
816 2158 1045 2228 evidentiae:
1085 2163 1174 2228 tunc
1197 2157 1299 2227 nullo
1323 2164 1430 2245 pacto

196 2266 397 2353 requiritur
421 2262 703 2337 cohabitationis
736 2268 937 2338 triennium
972 2267 1020 2336 ad
1055 2266 1332 2354 explorandam
1364 2286 1431 2355 per

195 2393 446 2464 congressum
471 2377 736 2464 impotentiam,
762 2377 878 2445 immo
914 2395 984 2445 nec
1019 2375 1308 2464 permittendum
1344 2394 1430 2445 esse

196 2483 346 2555 videtur
370 2490 410 2553 ut
432 2485 608 2573 copulam
643 2486 905 2573 experiantur,
941 2503 1029 2553 curu
1064 2491 1187 2554 cesset
1218 2485 1310 2552 ratio
1345 2502 1430 2553 eam

196 2591 399 2661 adhibendi
424 2593 699 2680 probationem,
724 2599 760 2662 et
782 2594 864 2679 ipso
888 2595 968 2663 iure
992 2598 1150 2662 naturae
1184 2591 1349 2689 illicitum
1385 2592 1432 2661 sit

196 2705 379 2769 attentare
403 2716 664 2787 congressum,
690 2700 842 2788 quaudo
867 2701 957 2770 satis
981 2701 1056 2769 iam
1092 2704 1237 2768 constat
1270 2698 1317 2766 de
1356 2697 1430 2766 initi

196 2805 364 2875 nullitate
388 2808 547 2896 coniugii
572 2809 621 2877 ob
645 2809 886 2896 impotentiae
900 2808 1213 2896 impedimentum
1231 2804 1335 2876 aliter
1352 2824 1433 2892 pro·

196 2911 351 3000 batum;
376 2914 569 3002 quamvis,
595 2915 744 2984 secluso
775 2915 1061 2984 incontinentiae
1095 2912 1281 3001 periculo,
1319 2911 1431 2980 simul

196 3020 412 3091 cohabitare
436 3023 581 3116 possint
605 3028 644 3091 ut
666 3019 778 3092 frater
802 3030 838 3092 et
864 3041 973 3092 soror
990 3020 1013 3107 ⁴,
1039 3021 1150 3109 idque
1177 3019 1432 3089 recentissimo

197 3126 446 3198 confirmatur
469 3129 506 3199 S.
531 3131 567 3199 C.
592 3130 743 3200 Concilii
766 3149 951 3218 responso
978 3131 1013 3197 in
1050 3129 1282 3198 Maurianen.
1317 3124 1432 3197 dubia

196 3253 316 3324 super
339 3236 579 3306 matrimonio
599 3257 639 3328 p.
663 3258 692 3306 s.
715 3257 753 3326 p.
777 3238 835 3307 Ad
859 3237 1018 3306 dubium
1042 3237 1142 3305 enim
1165 3235 1235 3304 sibi
1265 3236 1433 3322 proposi·

197 3350 303 3411 tum:
328 3344 521 3424 Quaenam
545 3363 631 3414 esse
654 3344 788 3436 debeat
810 3344 944 3433 agendi
969 3345 1061 3415 ratio
1078 3343 1252 3431 episcopi,
1276 3341 1432 3429 parochi

198 3453 236 3518 et
259 3447 474 3519 confessarii
498 3468 586 3537 erga
612 3450 844 3538 impotentes,
869 3452 932 3539 qui
956 3470 1001 3522 ea
1026 3451 1168 3520 ratione
1184 3449 1353 3536 separari
1374 3466 1434 3517 ne

197 3561 351 3644 queunt,
375 3558 479 3645 quod
502 3575 635 3627 eorum
659 3558 884 3644 separationi
909 3558 1064 3627 obsistat
1087 3558 1202 3628 civilis
1235 3557 1432 3645 galliarum

198 3666 273 3753 lex,
298 3684 395 3753 quae
418 3666 654 3752 impotentiae
678 3666 988 3753 impedimentum
1011 3684 1086 3735 non
1104 3666 1326 3753 agnoscitz-
1342 3664 1377 3733 S.
1395 3663 1431 3732 C.
1508 3759 1511 3764 ἱ

199 3772 272 3843 diei
296 3775 339 3842 15
362 3772 573 3843 decembris
609 3774 696 3842 1877
732 3775 944 3861 respondit:
972 3775 1146 3845 «Vivant
1179 3780 1219 3843 ut
1250 3771 1365 3843 frater
1399 3779 1435 3843 et

202 3904 222 3944 a
239 3900 367 3968 soror;
392 3880 496 3970 quod
522 3882 552 3950 si
577 3882 613 3951 id
637 3879 718 3952 fleri
742 3901 818 3951 non
844 3887 973 3970 posset
996 3884 1077 3954 sine
1099 3885 1241 3971 peccati
1257 3881 1433 3970 periculo,

201 3994 461 4075 «separentur
485 3989 649 4073 omnino,
675 3995 711 4058 et
733 3990 781 4059 ad
806 3995 970 4059 mentem
989 4012 1021 4057 ».

270 4153 279 4187 ¹
302 4151 374 4230 (lap.
402 4152 618 4219 laudabilem,
640 4154 693 4210 cit.
719 4153 767 4209 tit.
859 4149 862 4155 “

267 4248 368 4311 ²Ofr.
393 4249 531 4310 Sancbez
557 4249 610 4307 lib.
637 4248 667 4308 7.
693 4249 776 4323 disp.
806 4248 884 4308 108.
908 4265 969 4307 nu.
996 4246 1117 4308 12-13.

269 4348 281 4386 ³
304 4348 369 4409 Ofr.
391 4331 555 4408 ⁸Benedicti
575 4348 651 4409 XIV
671 4352 768 4409 const.
793 4346 855 4407 Det'
875 4350 1100 4418 miseratione,
1122 4366 1156 4407 a.
1185 4348 1237 4407 11.

268 4446 281 4484 ⁴
301 4445 437 4523 Pirhing
461 4446 516 4504 ht.
540 4445 573 4504 4.
596 4449 646 4504 tit.
672 4443 726 4503 15.
751 4463 810 4504 uu.
837 4443 914 4513 8-9,
935 4446 1025 4505 iuxta
1045 4463 1112 4523 cap.
1137 4445 1377 4504 consultationi
1398 4442 1432 4501 4.

202 4543 242 4602 de
267 4544 402 4618 frlpidis
432 4551 464 4603 et
487 4545 710 4620 maleficiatls,
735 4548 768 4603 et
795 4542 849 4604 cit.
881 4560 948 4621 cap.
980 4543 1194 4612 laudabilem,
1223 4544 1322 4618 §aas
1351 4560 1434 4611 vero,

203 4642 269 4704 cod.
293 4643 346 4702 tit.
