3509 5317
1659 494 1734 507 —
1785 462 2017 522 176-

609 606 754 688 tus,
804 606 985 687 tum,
1033 601 1095 669 si
1145 599 1351 685 velis,
1402 600 1685 669 ratione
1734 598 2262 668 individuitatis
2294 602 2741 684 contractus
2776 616 3093 685 compe·

610 709 880 793 tentiae
928 707 1340 795 aequalitas
1387 708 1619 777 adest.
1667 744 1713 753 —
1761 707 1965 776 Haec
1998 711 2247 774 tamen
2283 705 2558 791 omnia,
2592 723 2790 792 quae
2821 705 3048 774 Orien

611 815 869 884 talium
918 814 1423 883 Ecclesiarum
1473 813 1588 882 ius
1637 819 1969 902 tangunt,
2020 811 2287 881 iudicio
2336 830 2600 880 eorum
2652 813 2778 899 qui
2828 812 3084 900 magis

617 924 915 1008 sapiunt
970 920 1309 989 subiecta
1369 919 1553 1005 sint3
1601 956 1648 966 —
1692 925 1764 988 et
1823 918 2264 1006 praesertim
2329 938 2425 989 an
2488 918 2687 987 aliud
2751 918 3087 1007 legitima

621 1032 956 1100 locfflum
1005 1027 1475 1098 consuetudo
1545 1025 1800 1115 quoad
1868 1024 2005 1096 fori
2078 1026 2655 1112 competentiam
2725 1025 3091 1151 praescri-

617 1136 845 1222 pserit
897 1153 1072 1222 prae
1121 1134 1362 1204 oculis
1409 1134 1800 1203 habeatur.

1593 1371 2107 1452 CAPUTIL
2910 1309 3017 1441 ’χ

625 1580 721 1660 Da
781 1575 1248 1660 accusatione
1307 1597 1394 1658 ao
1451 1573 1966 1658 testificatione
2027 1574 2501 1672 matrimonii,
2560 1596 2693 1657 seu
2772 1578 2858 1658 de
2926 1598 3091 1678 per-

785 1699 985 1784 sonis
1045 1699 1197 1783 iure
1251 1698 1611 1783 habilibus
1651 1701 1739 1783 ad
1781 1701 2131 1799 anundum
2172 1722 2259 1782 ao
2301 1701 2792 1802 deponendum
2834 1708 3091 1784 contra

789 1822 1306 1907 matrimonium
1368 1823 1479 1906 vel
1543 1846 1668 1926 pro
1728 1847 1815 1906 eo
1861 1824 1914 1905 ¹.

769 2048 821 2108 1.
873 2045 1034 2110 Non
1084 2043 1177 2111 de
1229 2042 1678 2110 matrimonii
1728 2043 2204 2111 accusatione
2251 2041 2750 2112 contrahendi
2795 2042 2911 2110 hic
2942 2043 3093 2130 agi-

629 2160 785 2216 tur:
833 2148 1270 2218 denuntiare
1321 2149 1519 2217 enim
1570 2149 2100 2234 impedimenta
2135 2149 2614 2237 potissimum
2647 2149 3091 2237 dirimentia‚

629 2260 689 2324 si
741 2276 934 2344 rutae
983 2257 1128 2325 sint
1176 2256 1363 2325 inter
1412 2274 1760 2343 sponSOS,
1812 2275 2079 2326 omnes
2127 2257 2255 2344 qui
2303 2276 2392 2326 ea
2439 2263 2717 2326 norunt
2770 2265 3098 2344 possunt

633 2384 721 2432 ac
769 2368 1056 2451 [lebena
1109 2383 1355 2453 neque
1405 2383 1537 2433 eos
1584 2364 1683 2432 ab
1731 2364 2101 2434 eiusmodi
2149 2366 2721 2437 denunciatione
2791 2366 3100 2453 impedi-

637 2480 1058 2540 menta-irum
1111 2479 1184 2539 et
1229 2471 1799 2561 impugnatione
1859 2472 2307 2540 matrimonii
2375 2472 2733 2559 repellere
2793 2469 2909 2541 fas
2957 2479 3095 2554 est,

633 2580 769 2644 nisi
821 2580 912 2645 [le
961 2575 1322 2646 malitiosa
1374 2578 1854 2647 accusatione
1901 2579 2411 2663 suspicionem
2458 2580 2819 2668 ingerant.

769 2692 833 2752 Ξ.
885 2687 1145 2773 Agitur
1177 2705 1357 2776 ergo
1391 2687 1484 2754 de
1515 2687 1664 2756 iam
1697 2685 2069 2755 contracti
2114 2687 2559 2756 matrimonii
2594 2689 3097 2776 accusatione,

637 2796 793 2860 sit-*e
845 2813 993 2880 quo
1043 2793 1138 2861 ad
1192 2794 1323 2861 tori
1374 2794 1947 2880 separationem,
1999 2794 2157 2862 sive
2205 2812 2354 2880 quo
2403 2794 2498 2863 ad
2550 2794 2819 2863 vinculi
2868 2795 3104 2864 disso-

641 2900 1015 2969 lutiitmem.
1078 2901 1190 2969 Ad
1242 2901 1675 2970 huiusmodi
1745 2906 1994 2969 autern
2059 2901 2531 2989 peragendas
2578 2904 3102 2972 accusationes

641 3024 785 3072 nun
841 3026 1106 3076 ornnes
1154 3009 1586 3094 promiscue
1633 3008 2142 3077 admittuntur.
2194 3009 2451 3097 Itaque

773 3116 833 3180 3.
897 3111 1149 3181 Primo
1195 3115 1258 3182 si
1306 3133 1536 3185 causa
1587 3115 1879 3204 agenda
1931 3117 2021 3183 sit
2069 3116 2165 3184 ad
2216 3116 2696 3185 obtinendam
2730 3117 2827 3186 ab
2861 3117 3105 3187 iudice

641 3219 1198 3308 &parationem
1249 3222 1383 3291 tori
1434 3229 1504 3291 et
1552 3223 2019 3291 habitationis
2068 3223 2352 3292 ratione
2413 3224 2678 3309 patrati
2740 3224 3103 3310 adulterii,

645 3328 757 3396 val
809 3328 905 3396 [ll]
954 3329 1260 3397 nimiam
1309 3331 1715 3416 saevitiam,
1767 3330 2089 3399 aliamve
2136 3332 2577 3400 canonicam
2626 3350 2959 3418 causam,
3005 3331 3108 3401 ad

645 3435 1161 3503 aculis-andum
1210 3437 1614 3505 admittitur
1660 3437 1872 3505 solus
1921 3439 2282 3506 innocens
2327 3439 2626 3524 coniuX‚
2676 3440 2951 3525 quippe
2984 3458 3111 3507 cu-

649 3540 761 3608 ius
809 3549 1098 3609 tuntum
1147 3543 1466 3627 interest,
1502 3550 1572 3611 et
1603 3543 1819 3611 cuius
1865 3541 2124 3613 favore
2172 3544 2667 3631 principaliter
2712 3545 3111 3613 inductum

645 3660 757 3720 est
821 3652 935 3718 ius
993 3650 1172 3719 illud
1234 3652 1502 3739 agendi
1565 3652 1660 3720 ad
1732 3670 1818 3721 se
1879 3672 1921 3721 a
1986 3658 2299 3722 nocente
2369 3654 2686 3739 coniuge
2755 3672 3114 3739 separan-

649 3756 826 3824 dum
869 3756 912 3823 ².
957 3795 1004 3803 —
1050 3757 1125 3826 Si
1162 3777 1339 3826 vero
1372 3776 1523 3825 non
1558 3758 1654 3827 ad
1688 3758 2088 3827 divortium
2137 3759 2645 3845 obtinendum,
2680 3761 2812 3829 sed
2859 3762 3114 3848 potius

649 3864 741 3928 af]
793 3863 1229 3933 canonicam
1283 3864 1752 3952 legalemque
1798 3884 2123 3954 poenam
2160 3868 2556 3953 petendam
2593 3867 3111 3955 deadulteriO,

789 4072 801 4104 ¹
857 4068 1006 4126 'li-'ide
1053 4070 1160 4126 lib.
1224 4068 1287 4127 4.
1351 4072 1445 4128 tit.
1490 4070 1593 4126 18.
1643 4070 2071 4141 decretalium,
2119 4070 2223 4146 qui
2269 4070 2490 4130 titulus
2533 4072 2931 4132 inscribitur:
2982 4072 3120 4135 Qui

653 4168 1151 4223 iiiut‘m'azonimn
1198 4184 1510 4226 accusare
1546 4175 1847 4245 possunt,
1881 4170 1982 4225 vel
2018 4177 2245 4226 contra
2293 4169 2467 4227 illud
2510 4173 2868 4245 testificari.
2899 4205 2945 4215 —
2971 4172 3109 4232 Gfr.

649 4268 837 4324 utiam
900 4265 1252 4324 canonistas
1295 4267 1371 4323 ad
1413 4266 1820 4325 decretalium
1869 4267 1974 4323 lib.
2027 4266 2089 4324 5.
2141 4269 2235 4324 tit.
2292 4267 2363 4323 1.·
2409 4267 2498 4325 De
2551 4271 3118 4339 accusationibus,

653 4364 717 4416 iii
733 4384 765 4436 ss
777 4384 789 4412 s
801 4384 813 4416 f
825 4368 877 4416 aa·
889 4363 1041 4418 atton
1056 4364 1113 4418 ib
1125 4382 1220 4429 na,
1263 4364 1437 4420 denec
1453 4365 1812 4421 ncz'atc'om'l)
1824 4383 1919 4421 aa.

785 4460 805 4496 ²
853 4464 1005 4536 Arg.
1053 4479 1186 4537 cap.
1249 4469 1400 4517 cuae
1462 4463 1879 4535 fraternitate·
1935 4461 1998 4528 5,
2043 4463 2122 4520 de
2157 4467 2739 4536 procuratoribus‚·
2781 4483 2916 4543 cap.
2976 4484 3124 4525 ma-

661 4560 801 4612 5'1'fe.'*c
849 4560 908 4622 »1,
953 4559 1031 4615 (le
1075 4559 1425 4616 adeclteriz's
1469 4567 1530 4616 et
1569 4567 1817 4632 stupro·
