3509 5317
1782 499 2136 560 ...154—

737 640 969 708 hlicae
1018 636 1651 724 perturbationem
1701 656 1799 705 ex
1849 636 1996 706 illis
2037 638 2553 724 obveniebant,
2599 643 2672 707 et
2725 639 3020 726 quibus,
3072 658 3195 708 ex·

737 746 1085 836 parientia
1119 745 1457 830 docente,
1493 744 1693 816 haud
1727 746 1910 813 satis
1943 763 2341 815 occurrere
2373 751 2661 833 poterat
2691 745 2848 816 sola
2902 764 3197 815 eorum-

733 856 908 924 dem
933 852 1323 941 prohibitio
1351 871 1392 920 a
1420 851 1741 920 Concilio
1769 853 2254 922 Lateranensi
2283 853 2383 920 IV
2402 853 2550 921 sub
2583 853 3011 922 Innocentio
3046 854 3139 922 III
3169 853 3190 888 ¹

733 970 1108 1046 renovata,
1158 958 1672 1043 deliberatum,
1723 959 2052 1045 inquam,
2106 963 2235 1044 est,
2297 965 2381 1028 ut
2434 957 2755 1029 invalida
2813 959 2884 1027 in
2957 964 3193 1043 poste·

733 1088 900 1140 rum
949 1068 1566 1137 decernerentur:
1615 1067 1817 1153 quod
1870 1067 2114 1152 reipsa
2165 1064 2441 1135 factum
2494 1067 2813 1154 legimus
2860 1084 2997 1153 per
3037 1085 3195 1136 sae-

725 1180 894 1264 pius
944 1175 1329 1245 laudatum
1379 1170 1965 1241 saluberrimum
2012 1172 2395 1265 decretum
2427 1195 2464 1238 »
2518 1171 2563 1240 ².

861 1283 969 1351 28.
1019 1282 1305 1350 Verum
1360 1278 2017 1350 exorientulibus
2088 1282 2400 1369 quidam
2457 1281 2680 1350 etiam
2743 1282 2977 1351 nostri
3024 1281 3192 1351 aevi

729 1392 1063 1460 valorem
1111 1388 1476 1476 impetunt
1521 1389 2067 1476 coniugiorum,
2103 1408 2298 1477 quae
2330 1408 2481 1458 non
2509 1387 2779 1459 fuerint
2813 1390 3191 1460 Ecclesiae

725 1497 1235 1568 benedictione
1282 1515 1420 1566 seu
1468 1499 1952 1566 coronatione
2000 1496 2316 1567 firmata.
2368 1499 2708 1586 Cumque
2770 1517 2870 1568 ex
2930 1517 3192 1568 monu-

729 1605 995 1673 mentis
1041 1604 1192 1673 iam
1239 1603 1308 1670 in
1360 1603 1788 1673 Tridentina
1837 1605 2145 1692 Synodo
2194 1605 2550 1692 expensis
2596 1624 2749 1674 non
2801 1607 2985 1676 satis
3034 1625 3192 1692 pro-

729 1712 882 1780 nari
934 1712 1254 1781 sentiant
1299 1730 1565 1780 eorum
1615 1711 1910 1798 thesim,
1960 1713 2056 1782 ad
2104 1710 2713 1781 consuetudinem
2746 1721 3181 1801 provocant,

725 1820 941 1889 cuius
993 1818 1088 1887 vs
1109 1820 1479 1898 eiusmodi
1527 1819 1872 1908 coniugia
1922 1820 2126 1906 apud
2175 1819 2644 1889 orientalium
2679 1820 2955 1889 rituum
3008 1819 3186 1890 flde-

733 1932 833 1996 les
881 1927 1083 1997 nulla
1131 1934 1354 2015 atque
1402 1928 1596 1996 irrita
1647 1927 2026 1997 censenda
2078 1946 2248 1996 esse
2294 1928 2773 2013 contendunt,
2839 1928 3019 2015 quin
3073 1929 3190 1998 tri·

725 2036 1112 2104 deminum
1159 2034 1580 2122 publicetur
1626 2034 2035 2104 decretum.

861 2145 953 2210 At
1000 2141 1351 2229 quamvis
1398 2141 1942 2211 consuetudine
1992 2141 2311 2230 legitime
2360 2142 2651 2212 inducta
2711 2147 2937 2229 atque
2984 2160 3195 2229 prae-

725 2252 1019 2337 sui-ima,
1070 2269 1266 2319 nova
1316 2249 1659 2319 constitui
1708 2248 2000 2335 possint
2045 2249 2459 2319 dirimentia
2492 2249 2963 2320 ecclesiastici
3001 2250 3187 2319 iuris

729 2357 1256 2444 impedimenta
1306 2354 1351 2443 ⁸,
1404 2362 1482 2425 ut
1527 2361 1819 2426 constat
1866 2375 1964 2424 ex
2012 2361 2161 2425 toto
2210 2356 2414 2426 titulo
2461 2355 2556 2424 de
2614 2356 3150 2427 consuetudine
3168 2378 3191 2425 .·

733 2472 977 2534 tumen
1026 2465 1098 2533 in
1145 2464 1475 2534 themate
1524 2482 1657 2550 per
1690 2463 2181 2533 ineluctabilia
2218 2469 2664 2552 argumenta
2701 2465 3189 2552 probandum

725 2572 928 2659 foret,
980 2572 1182 2660 quod
1236 2571 1554 2659 legitima
1603 2569 2083 2654 consuetude,
2133 2573 2334 2658 apud
2384 2571 2791 2641 Orientales
2848 2572 3193 2642 catholici

729 2684 908 2749 ritus
956 2675 1361 2765 Ecclesias'3
1412 2678 1694 2748 nedum
1745 2676 1998 2748 illicita
2043 2681 2177 2749 sed
2238 2679 2459 2749 etiam
2522 2677 2854 2748 invalida
2908 2680 3195 2766 procla·

729 2796 879 2856 met
923 2788 1378 2858 clandestina
1415 2786 1782 2874 coniugia.
1831 2787 1952 2856 Sic
1987 2786 2315 2873 exempli
2347 2788 2583 2874 gratia
2618 2787 2983 2856 eiusmodi
3026 2806 3192 2875 pro-

729 2896 813 2964 ha
829 2900 1027 2963 retur
1072 2894 1541 2963 consuetudo
1589 2894 1650 2961 si
1703 2893 1961 2979 plures
2023 2891 2331 2980 proferri
2384 2899 2694 2980 possent
2755 2893 3193 2963 ecclesiasti·

725 3020 987 3069 cin-um
1037 3001 1518 3071 tribunalium
1566 3001 1994 3086 sententiae,
2029 3018 2227 3087 quae
2276 3000 2483 3068 nulla
2527 3006 2753 3086 atque
2786 3000 2979 3070 irrita
3018 3020 3191 3070 con-

725 3115 1006 3176 stanter
1051 3109 1592 3178 declaraverint
1638 3105 2112 3177 clandestina.
2158 3108 2500 3194 coniugia
2549 3107 2645 3176 ab
2706 3107 3187 3176 orientalium

729 3216 997 3282 rituum
1047 3213 1395 3284 fidelihus
1439 3215 1833 3284 celebrata.
1898 3217 1991 3283 At
2039 3216 2200 3298 hoc,
2265 3214 2468 3301 quod
2533 3215 2791 3300 sciam,
2839 3215 3188 3284 nondum

725 3323 1247 3408 praestiterunt
1293 3323 1518 3391 huius
1566 3321 1976 3391 sententiae
2025 3323 2349 3409 patroni3
2411 3321 2789 3409 quinimo
2852 3341 2950 3391 ex
2999 3323 3186 3410 ipsis

725 3427 1217 3497 Orientalibus
1264 3429 1380 3499 alii
1429 3429 1882 3499 contrariam
1931 3434 2184 3498 tenent
2227 3428 2672 3498 sententiam
2722 3426 2768 3495 ⁴.

861 3660 873 3692 ¹
920 3657 1066 3734 Gap.
1113 3675 1264 3716 cum
1313 3657 1609 3715 inhibitio
1658 3657 1719 3717 3.
1770 3659 1849 3716 de
1894 3660 2212 3718 clandest.
2264 3661 2635 3741 desponsat.

853 3756 874 3788 “-“
919 3755 1232 3814 Benedict.
1280 3755 1431 3814 XIV
1478 3756 1596 3814 loe.
1642 3759 1748 3814 cit.
1801 3775 1870 3817 n.
1923 3757 1983 3814 7.

853 3856 875 3888 ³
920 3853 1195 3913 Sanchez
1244 3856 1349 3912 lib.
1391 3854 1454 3914 7.
1501 3855 1670 3931 disp.
1717 3855 1781 3914 4.
1831 3875 1902 3914 n.
1961 3856 2063 3915 11.
2111 3861 2178 3916 et
2235 3876 2402 3933 seqq.
2444 3864 2510 3918 et
2550 3858 2662 3919 alii
2706 3860 2889 3920 citati
2932 3879 2971 3919 a
3027 3863 3189 3922 Leu-

721 3952 887 4008 runiu
950 3952 1054 4008 lib.
1106 3951 1171 4010 4.
1222 3953 1318 4011 tit.
1375 3952 1432 4011 1.
1481 3962 1729 4028 quaest.
1791 3953 1941 4012 103.
1990 3973 2128 4014 cum
2190 3958 2519 4027 communi,
2567 3967 2798 4017 contra
2858 3961 3056 4035 ylosS.
3110 3964 3184 4020 in

717 4068 857 4120 cup.
911 4051 972 4107 1.
1021 4049 1098 4108 de
1141 4058 1396 4123 coquat.
1445 4053 1658 4125 spirit.
1705 4057 1772 4113 et
1813 4052 1992 4112 alios,

853 4148 869 4184 ⁴
916 4147 1009 4205 Ex
1052 4148 1551 4225 Papp-Szilagyi
1601 4149 1643 4211 l.
1690 4168 1743 4208 e.
1793 4151 1834 4226 ἓ
1888 4152 2036 4210 118.
2083 4168 2237 4227 pay.
2286 4152 2448 4212 464.
