3509 5317
1760 441 2064 502 -54...

689 583 876 647 [ilaus
926 576 970 662 ²,
1032 595 1226 664 quae
1295 579 1646 665 quamvis
1705 576 1885 648 illud
1948 597 2047 647 ex
2093 577 2579 665 sponsalibus
2653 577 2826 647 oriri
2897 576 3142 645 decer-

685 695 876 768 nunt,
928 687 1019 754 ita
1069 690 1318 755 tamen
1368 686 1701 755 canonici
1750 686 1935 754 iuris
1980 686 2408 755 sanctiones
2456 704 2505 752 a
2555 683 2998 753 Doctoribus
3029 701 3140 753 ac·

681 795 1069 879 **l[lil.lntul‘,
1120 796 1199 860 ut
1242 796 1689 880 argumento
1736 811 1790 860 a
1843 789 2162 880 fortiori
2230 791 2409 861 illud
2489 809 2621 877 per
2691 809 2821 860 eas
2891 788 3136 858 induci

681 923 733 967 ln,
757 903 1026 987 alligant
1056 901 1336 969 nedum
1370 919 1478 969 eoe
1510 898 1985 989 sponsalibus
2016 900 2109 969 de
2136 899 2426 985 futuro,
2466 899 2602 968 sed
2635 918 2725 971 eo
2755 899 2871 967 vel
2897 898 3137 987 magis

685 1031 773 1075 m:
825 1006 1301 1077 matrimonio
1349 1012 1521 1077 rato
1569 1027 1708 1078 seu
1756 1006 2229 1097 sponsalibus
2277 1007 2369 1077 de
2412 1004 2816 1098 praesenti.
2866 1008 3137 1075 Vincu-

689 1121 833 1183 lum
886 1118 1080 1186 enirn
1131 1115 1335 1203 quod
1368 1116 1665 1205 exurgit
1692 1135 1792 1185 ex
1829 1115 2301 1185 matrimonio
2342 1121 2501 1184 rato
2534 1113 3138 1202 fortius-quidem

681 1231 789 1291 τιεί
837 1243 1066 1310 quam
1117 1224 1317 1311 quod
1369 1242 1467 1293 ex
1514 1224 1998 1311 sponsalibus
2045 1223 2300 1292 oritur.
2358 1225 2707 1310 Aequum
2759 1241 2939 1311 ergo
2986 1220 3136 1308 fuit,

685 1343 749 1399 ιιῑ
805 1350 975 1400 cum
1028 1351 1127 1401 ex
1173 1331 1657 1418 sponsalibus
1709 1332 1803 1401 de
1872 1329 2124 1400 futuro
2197 1331 2596 1400 inducatur
2659 1329 3139 1417 impedimen·

681 1451 855 1523 linui,
906 1460 954 1507 a
973 1438 1293 1527 fortiori
1337 1441 1815 1510 induceretur
1862 1458 1961 1508 ex
2009 1439 2496 1526 sponsalibus
2546 1438 2640 1508 de
2684 1438 3054 1525 praesenti
3089 1434 3134 1504 ².

685 1548 896 1635 atqui
969 1568 1067 1618 ex
1139 1546 1608 1616 matrimonio
1684 1552 1843 1615 rato
1917 1566 2092 1615 vera
2149 1565 2301 1614 non
2352 1548 2653 1636 exurgit
2696 1546 3023 1616 affinitas
3070 1544 3134 1633 ⁸3

681 1679 773 1723 22:21
825 1674 908 1723 eo
958 1656 1173 1743 igitur
1238 1655 1550 1724 iustitiae
1621 1654 1963 1741 publicae
2036 1654 2445 1725 honestatis
2519 1654 3134 1740 impedimentum

681 1767 939 1831 sallem
990 1764 1286 1831 orietur.

809 1875 870 1935 3.
919 1871 1015 1937 At
1066 1888 1242 1937 vero
1292 1870 1817 1957 inquirendum
1868 1877 1982 1939 est
2027 1870 2121 1939 ad
2189 1888 2416 1957 quem
2499 1888 2742 1957 usque
2812 1870 3137 1958 gradum

681 1977 1014 2059 publicae
1063 1977 1467 2045 honestatis
1516 1977 2138 2064 impedimentum
2187 1976 2487 2046 dirimat
2557 1977 3135 2046 matrimonium.

681 2086 1037 2163 ι,,]ιυ;ιοίῐ·οε
1086 2082 1478 2153 statuenda
1526 2083 1714 2153 haec
1761 2089 1972 2152 sunt:

809 2195 867 2259 4.
906 2190 1274 2259 Primum:
1299 2191 1648 2261 Publicae
1674 2192 2081 2261 honestatis
2113 2191 2730 2278 impedimentum
2762 2195 3014 2261 ortum
3041 2210 3140 2261 ex

677 2300 1155 2384 sponsalibus
1201 2312 1361 2371 tum
1411 2300 1505 2370 de
1550 2298 1820 2385 futuro,
1873 2306 2029 2369 tum
2081 2299 2177 2369 de
2241 2300 2650 2387 praesenti,
2725 2299 2841 2369 vel
2914 2299 3135 2369 etiam

681 2410 1032 2497 invalidis,
1081 2410 1498 2480 dummodo
1547 2408 1888 2478 invalidis
1956 2427 2105 2476 non
2163 2427 2280 2502 ‚ex
2352 2407 2646 2478 defectu
2715 2426 3135 2477 consensus

681 2523 789 2587 rel
841 2538 938 2589 ex
987 2520 1232 2606 priore
1302 2518 1643 2605 publicae
1712 2518 2123 2586 honestatis
2200 2516 2736 2602 impedimento
2808 2522 2969 2585 orto
3041 2535 3138 2584 ex

681 2626 1152 2711 sponsalibus
1202 2624 1440 2693 valide
1472 2623 1868 2693 contractis
1902 2621 1946 2709 ⁴,
1996 2621 2306 2710 antiquo
2367 2620 2528 2691 iure
2578 2623 3133 2691 matrimonium

677 2734 1063 2803 dirimebat
1113 2752 1352 2820 usque
1399 2733 1492 2801 ad
1544 2723 1898 2819 quartum
1948 2730 2293 2818 gradum.
2375 2731 2473 2800 Ita
2549 2729 2747 2799 enim
2815 2730 2970 2799 iura
3045 2730 3141 2799 lo-

677 2849 1025 2927 quuntur,
1079 2849 1158 2910 ut
1203 2841 1380 2910 illud
1428 2840 1524 2911 ad
1570 2840 2178 2928 consanguineos
2230 2839 2535 2909 extendi
2586 2838 2854 2907 dicant.
2916 2838 3137 2925 Atqui

681 2959 841 3035 pust
909 2949 1425 3019 Innocentium
1475 2947 1568 3015 III
1617 2945 1639 2981 ⁵
1700 2945 2250 3034 consanguinei
2318 2945 2668 3014 dicuntur
2729 2963 2998 3013 omnes
3068 2952 3139 3014 et

677 3059 809 3123 suli
858 3057 985 3143 qui
1032 3056 1220 3125 intra
1267 3058 1621 3142 quartum
1671 3053 2224 3122 constituuntur
2280 3052 2627 3140 gradum.

805 3171 867 3231 5.
921 3163 1388 3232 Secundum:
1465 3164 1677 3233 Novo
1743 3158 2151 3230 Tridentini
2196 3159 2358 3228 iure
2410 3161 2768 3244 honestas
2839 3157 3137 3248 publica

677 3295 761 3335 227<
821 3270 1289 3361 sponsalibus
1338 3267 1602 3339 ualidis
1649 3279 1811 3339 orta
1862 3268 2426 3338 matrimonium
2460 3267 2733 3336 dirimit
2766 3285 3007 3354 usque
3040 3265 3135 3335 ad

673 3379 1000 3463 primum
1048 3379 1440 3448 dumtaxat
1480 3375 1836 3465 yradum.
1885 3375 2005 3445 Sic
2037 3375 2234 3444 enim
2271 3394 2356 3444 ea
2397 3372 2756 3462 Synodus
2789 3374 3134 3443 decrevit:

757 3485 1068 3555 iustitiae
1116 3485 1455 3571 publicae
1504 3483 1915 3553 honestatis
1977 3478 2645 3569 impedimentum,
2721 3482 2847 3551 ubi
2919 3501 3137 3569 spon-

813 3687 825 3719 1
872 3683 1132 3743 Constat
1173 3700 1250 3741 ex
1293 3700 1428 3759 cap.
1468 3681 1726 3739 iuvenis
1764 3679 1821 3737 3.
1872 3697 2006 3757 cap.
2043 3679 2132 3736 ad
2177 3679 2602 3737 audientiam
2651 3679 2714 3737 4.
2763 3696 2897 3757 cap.
2948 3696 3138 3754 spon-

681 3803 809 3835 ..ωε
857 3783 921 3839 8.
972 3781 1050 3839 de
1091 3779 1512 3856 sponsalibus
1556 3786 1617 3836 et
1659 3778 2122 3844 mab-imonioe
2155 3808 2229 3820 —
2264 3780 2327 3836 et
2372 3778 2744 3854 praesertim
2786 3795 2920 3854 cap.
2971 3778 3129 3837 unic.

673 3887 749 3927 ‘w
781 3878 1193 3951 sponsalibus
1225 3884 1289 3934 et
1327 3878 1750 3934 matrimonio
1798 3878 1870 3933 in
1904 3874 1967 3933 6.
2001 3905 2078 3918 —
2113 3875 2269 3936 Item
2314 3892 2392 3933 ex
2421 3874 2787 3934 Tridentino
2816 3893 2969 3932 sesS.
3014 3873 3128 3934 24.

673 3999 813 4047 τηεμ.
865 3975 922 4034 3.
976 3976 1054 4034 de
1096 3976 1431 4049 reformat.
1481 3975 1771 4031 matrim.

805 4079 829 4111 ’Ξ
870 4074 1004 4134 Cfr.
1053 4075 1329 4133 Sanchez
1377 4074 1484 4131 lib.
1538 4072 1597 4131 7.
1648 4073 1816 4148 disp.
1872 4073 1979 4131 70.
2032 4092 2098 4131 n.
2159 4072 2216 4130 1.

801 4179 821 4211 ³
866 4174 1125 4235 Constat
1175 4174 1547 4251 praesertim
1612 4191 1688 4232 ex
1745 4173 2169 4234 declaratione
2248 4174 2311 4232 S.
2375 4171 2476 4230 Pii
2530 4172 2586 4229 V
2649 4172 2712 4231 in
2768 4172 2978 4232 Const.
3032 4171 3135 4229 Ad

673 4275 1045 4329 frma-anum
1093 4271 1121 4329 l
1169 4272 1304 4333 iulii
1364 4270 1541 4337 1568.
1576 4303 1652 4316 —
1705 4270 1837 4330 Otr.
1898 4271 2089 4330 etiam
2150 4270 2464 4330 Benedict.
2529 4269 2679 4329 XIV
2731 4277 2981 4346 quaest.
3030 4287 3137 4328 ca-

677 4387 827 4427 llim.
875 4367 1014 4431 291

805 4471 825 4503 ⁴
870 4469 1145 4529 Constat.
1194 4486 1277 4529 ex
1313 4487 1447 4546 cap.
1498 4469 1655 4527 unic.
1706 4468 1745 4542 g
1800 4467 1853 4525 1.
1904 4467 1982 4525 de
2026 4469 2314 4542 sponsal.
2366 4475 2428 4526 et
2468 4467 2892 4524 matrim..in
2936 4465 3000 4524 6.
3095 4507 3101 4516 .

864 4567 1014 4644 Cap.
1061 4587 1197 4627 non
1242 4568 1423 4627 debet
1462 4570 1527 4626 8.
1575 4568 1653 4626 de
1694 4568 2284 4641 oonsunyuinitate
2325 4573 2389 4625 et
2427 4568 2789 4642 affinitate.
