3509 5317
1705 553 1782 567 —
1829 520 2060 578 122—

659 680 836 730 cum
884 661 1252 730 Creatoris
1299 660 1582 730 iniuria.
1632 661 1720 728 Et
1768 659 1916 727 huc
1962 663 2249 744 spectat
2308 658 2698 728 decretalis
2770 652 3125 728 In'nocen·

657 769 731 838 tii
781 770 873 836 III
925 768 945 804 ¹
996 776 1067 838 et
1112 767 1528 837 Cabassutii
1578 766 1938 836 sententia
2010 785 2053 834 a
2128 766 2523 837 Benedicto
2572 767 2750 834 XIV
2799 766 3124 836 laudata.

662 877 823 945 Hoc
867 881 1122 945 autem
1169 875 1241 943 in
1313 859 1493 945 casu
1567 875 1663 944 de
1727 873 2029 942 duobus
2100 871 2257 941 fleri
2327 872 2547 942 debet
2613 873 3120 959 interpellati0‚

662 1001 936 1069 nempe
986 983 1054 1050 1⁰
1105 1001 1290 1051 num
1340 980 1884 1069 pars·infidelis
1936 979 2108 1049 velit
2150 981 2524 1067 converti;
2575 1018 2621 1027 —
2664 981 2738 1049 2⁰
2774 999 2958 1048 num
2989 979 3131 1049 sal-

660 1094 811 1158 tem
863 1089 1033 1159 velit
1077 1089 1504 1158 cohabitare
1552 1089 1842 1176 absque
1872 1086 2320 1156 contumelia
2354 1087 2739 1158 Creatoris.
2774 1125 2818 1136 -
2850 1088 3130 1157 Contra

661 1199 847 1266 inter
895 1198 1236 1267 nationes
1282 1197 1723 1267 christianas
1771 1197 2030 1281 praxis
2095 1196 2442 1274 invaluit,
2510 1200 2592 1265 ut
2657 1197 2958 1285 coniugi
3029 1198 3124 1266 ad

661 1304 889 1376 fidem
939 1324 1308 1375 converso
1371 1323 1521 1373 non
1593 1303 2061 1391 permittatur
2129 1303 2570 1373 cohabitatio
2638 1323 2813 1373 cum
2888 1304 3126 1374 altero

661 1413 1031 1482 obstinato
1079 1414 1150 1480 in
1201 1411 1655 1496 infidelitate,
1705 1430 1769 1479 e.
1818 1428 1927 1498 gr.
1977 1411 2048 1478 in
2098 1411 2511 1500 iudaismo,
2584 1413 2937 1499 quamvis
3010 1413 3129 1480 hic

662 1526 1127 1607 protestetur,
1177 1539 1260 1589 se
1294 1518 1602 1606 pacifice
1634 1519 1826 1590 velle
1857 1519 2307 1588 cohabitare.
2342 1520 2428 1587 Et
2460 1519 2608 1588 huc
2640 1524 2929 1606 spectat
2959 1538 3128 1587 sen-

667 1629 926 1713 tentia,
977 1646 1206 1715 quam
1275 1628 1613 1698 Sanchez
1686 1633 2151 1714 propugnat,
2203 1632 2276 1695 et
2342 1645 2579 1714 supra
2651 1625 3048 1695 retulimus
3080 1623 3126 1711 ²,

666 1741 861 1803 recte
908 1735 1536 1820 animadvertens,
1588 1735 1731 1802 hoc
1778 1734 1850 1801 in
1898 1752 2084 1803 casu
2132 1752 2220 1802 ea
2273 1736 2541 1821 u'rgere
2590 1734 2975 1819 adiuncta,
3027 1734 3125 1802 ob

663 1861 860 1929 quae
909 1841 1317 1928 Apostolus
1362 1842 1632 1927 docuit,
1680 1859 2136 1910 conversum
2188 1860 2455 1927 posse,
2528 1841 2837 1910 dimissa
2914 1847 3126 1928 parte

663 1947 959 2035 infideli,
1008 1949 1104 2017 ad
1153 1949 1338 2018 alias
1385 1950 1682 2036 nuptias
1729 1949 2064 2034 transire,
2117 1967 2255 2018 nec
2301 1949 2811 2034 obligandum,
2850 1957 2933 2017 ut
2963 1966 3126 2017 cae·

666 2057 888 2126 libem
942 2058 1168 2126 vitam
1214 2056 1456 2127 ducat.
1508 2056 1585 2124 Id
1634 2058 1834 2125 enim
1884 2075 2062 2126 cum
2110 2075 2344 2145 grave
2412 2057 2549 2144 ipsi
2618 2057 2883 2144 iugum
2956 2073 3127 2124 esse

664 2170 906 2252 queat,
955 2186 995 2235 a
1045 2163 1197 2234 fide
1243 2164 1761 2252 amplectenda
1835 2183 2228 2233 removere
2298 2182 2475 2234 eum
2546 2169 2842 2251 posset3
2925 2169 2999 2232 et
3063 2165 3123 2232 si

663 2269 893 2339 fidem
943 2271 1423 2340 nihilominus
1470 2271 1980 2359 amplectatur,
2032 2271 2196 2340 talis
2242 2270 2563 2340 conditio
2612 2269 2912 2341 fidelem
2981 2290 3129 2340 ser·

668 2381 870 2448 vituti
919 2379 1366 2447 matrimonii
1417 2379 1486 2446 in
1537 2376 1960 2448 infidelitate
2007 2380 2360 2450 contracti
2408 2379 2805 2448 subiiceret
2865 2385 3120 2449 contra

667 2486 1080 2554 doctrinam
1131 2493 1202 2555 et
1251 2495 1576 2555 mentem
1631 2485 1836 2556 Pauli
1883 2487 2319 2555 scribentis:
2361 2485 2528 2553 Non
2560 2484 2755 2554 enim
2786 2483 3131 2554 servituti

666 2592 1035 2662 subiectus
1082 2597 1194 2661 est
1240 2591 1489 2678 frater
1535 2599 1673 2663 atet
1718 2611 1941 2661 soror
1988 2591 2061 2660 in
2107 2589 2552 2661 huiusmodi.
2600 2629 2642 2641 —
2693 2593 2768 2660 In
2821 2593 2966 2661 hoc
3006 2612 3128 2662 au·

666 2706 815 2769 tem
863 2700 1094 2770 altero
1143 2719 1347 2785 casu,
1381 2698 1669 2783 sufficit,
1708 2706 1788 2768 ut
1819 2717 1998 2787 pars
2030 2697 2347 2767 infidelis
2381 2698 2905 2786 interpelletur,
2939 2716 3124 2767 num

672 2809 845 2877 velit
891 2809 1269 2894 converti3
1320 2815 1392 2877 et
1437 2808 1504 2897 si·
1548 2806 1991 2876 iudicialiter
2039 2805 2196 2875 fleri
2247 2808 2550 2877 monitio
2604 2808 2793 2891 velit,
2865 2809 3130 2893 poterit

668 2916 1000 2984 adhiberi
1033 2913 1383 3003 formula
1452 2936 1493 2985 a
1567 2915 1921 2985 Clericato
1991 2917 2370 3002 proposita
2419 2914 2443 2950 ⁸
2491 2923 2561 2984 et
2610 2916 2728 2983 hic
2777 2914 2966 2985 infra
3026 2936 3130 2984 re-

672 3024 812 3093 lata
868 3022 910 3089 ³.

802 3131 1320 3200 Diversitatem
1372 3147 1549 3197 vero
1600 3129 1860 3216 praxis
1908 3148 2043 3216 pro
2077 3129 2598 3199 adiunctorum
2637 3108 3128 3217 locorumque

668 3237 1093 3305 diversitate
1141 3235 1536 3322 perspicue
1585 3236 1892 3322 exponit
1937 3241 2004 3303 et
2073 3235 2309 3304 sancit
2377 3235 2760 3304 decretum
2830 3234 3128 3305 Concilii

670 3343 1041 3411 Limensis
1089 3342 1183 3410 111
1232 3364 1274 3412 a
1324 3343 1531 3411 Sixto
1582 3343 1647 3410 V
1697 3340 2136 3426 confirmati,
2189 3348 2268 3410 ut
2312 3342 2513 3429 a'pud
2552 3343 2929 3430 Pignatelli
2964 3343 3131 3432 legi-

670 3456 789 3518 tur
838 3450 953 3518 his
985 3449 1233 3518 verbis
1265 3451 1791 3518 concinnatum
1823 3467 1839 3515 :
1878 3434 1914 3511 k<
1949 3450 2055 3517 De
2088 3449 2191 3532 iis,
2227 3449 2355 3536 qui
2389 3449 2861 3517 matrimonio
2902 3449 3125 3518 iuncti

669 3561 1208 3624 convertuntur
1255 3557 1350 3626 ad
1400 3554 1649 3641 fldem,
1683 3555 2002 3643 coniuge
2036 3555 2286 3623 adhuc
2316 3553 2591 3624 infideli
2617 3563 3126 3642 permanente,

670 3663 743 3730 in
791 3663 1158 3749 superiori
1207 3662 1527 3732 Concilio
1576 3663 1887 3748 provide
1932 3651 2361 3731 consultum
2414 3675 2546 3747 est,
2598 3671 2678 3731 ut
2722 3663 2784 3731 si
2810 3661 3128 3733 infidelis

670 3768 971 3857 quidem
1022 3784 1238 3857 spem
1292 3788 1478 3838 suae
1523 3769 2040 3859 conversionis
2090 3775 2463 3839 maturam
2513 3769 2876 3855 ostendat,
2948 3770 3132 3840 chri·

672 3877 960 3944 stianus
1008 3875 1213 3944 nullo
1264 3876 1491 3944 modo
1540 3875 1634 3945 ad
1684 3876 1870 3945 alias
1918 3877 2217 3962 nuptias
2266 3882 2610 3961 transeat,
2644 3877 3133 3963 quemadmo-

670 3981 852 4051 dum
903 3992 1018 4051 est
1063 3983 1298 4051 sacris
1345 3982 1763 4051 canonibus
1812 3981 2226 4068 definitum,
2276 3984 2412 4053 sed
2460 3983 2799 4070 coniugis
2834 3984 3129 4053 lucrum

672 4091 741 4157 in
792 4089 1079 4159 Christo
1128 4097 1487 4176 expectet.
1539 4127 1577 4136 -
1627 4090 1702 4158 Si
1738 4109 1918 4159 vero
1952 4089 2245 4161 differat
2276 4090 2849 4161 conversionem
2882 4110 3127 4176 suam,

810 4332 826 4367 ¹
876 4330 1020 4407 Cap.
1067 4332 1440 4402 ‚claudemus
1487 4336 1553 4400 8,
1595 4333 1673 4391 cle
1719 4333 2042 4393 divortiis,

802 4429 826 4465 2
872 4448 941 4487 n.
990 4429 1105 4489 21.
1151 4462 1192 4474 -
1234 4431 1511 4490 Sanchez
1559 4433 1666 4489 lib.
1724 4432 1782 4489 7.
1834 4433 2016 4508 disp:
2057 4432 2161 4493 73.
2214 4452 2282 4491 n.
2341 4434 2446 4490 12.

802 4527 826 4562 ³
872 4527 1219 4588 clericatus
1261 4529 1368 4590 cit.
1419 4530 1616 4588 decis.
1667 4549 1734 4588 n.
1787 4530 1899 4589 2⁶1.

804 4625 826 4660 ⁴
872 4625 938 4684 In
985 4628 1364 4702 Appende'ce
1412 4625 1472 4686 9.
