3509 5317
1352 497 1709 557 -345-

319 657 355 697 «
389 635 611 703 mode
660 641 911 705 autem
962 653 1044 703 se
1079 651 1202 704 res
1251 635 1472 705 habet
1520 634 1596 704 in
1630 631 2066 724 quaestione
2112 632 2473 705 nullitatis
2513 654 2623 705 ea:
2654 655 2761 704 efr-

318 763 356 806 «
384 740 539 830 pite
571 740 1074 831 impotentiae,
1115 762 1252 830 per
1296 763 1526 832 quam
1563 745 2122 813 matrimonium
2174 745 2418 831 reipsa
2470 751 2584 813 est
2615 748 2765 812 nul-

318 851 543 919 «lum
594 869 974 937 suumque
1021 849 1246 920 finem
1298 857 1370 920 et
1416 850 1764 921 effectum
1815 853 2169 939 consequi
2221 852 2491 939 nequit.
2558 851 2765 920 Tum-

319 980 354 1022 «
386 959 586 1026 enim
636 959 808 1045 quia
859 959 1100 1046 agitur
1154 957 1247 1027 de
1314 957 1690 1028 inferenda
1759 958 2016 1028 iniuria
2069 965 2138 1028 et
2183 958 2632 1045 praeiudicio
2682 960 2769 1024 ei—

318 1085 353 1127 «
386 1065 561 1133 dem
612 1070 1083 1134 sacramento
1132 1066 1621 1149 matrimonii,
1672 1065 1947 1134 directe
2010 1065 2371 1135 contraria
2440 1068 2761 1152 procedil

318 1192 354 1233 «
384 1171 669 1260 regula,
720 1171 1072 1249 nimirum
1122 1173 1322 1260 quod
1373 1171 1446 1240 in
1494 1170 1718 1242 dubio
1767 1171 2126 1242 standum
2172 1177 2270 1241 sit
2304 1191 2457 1261 pro
2518 1171 2765 1241 eoeeifi-

319 1300 353 1342 «
385 1277 591 1348 sione
636 1277 1119 1364 matrimonii,
1176 1299 1260 1349 ea
1311 1282 1473 1349 viva
1530 1281 1832 1366 ratione,
1883 1281 2052 1367 quia
2103 1282 2175 1348 in
2227 1279 2385 1348 foro
2435 1287 2765 1354 externo,

318 1407 353 1449 «
383 1387 455 1452 in
508 1404 661 1473 quo
712 1386 983 1456 iudicat
1028 1387 1379 1469 Ecclesia,
1430 1388 1885 1457 tolerabilius
1933 1402 2004 1457 et
2052 1387 2437 1456 honestius
2483 1391 2597 1456 est
2636 1405 2769 1473 pai·

317 1513 352 1555 «
385 1492 789 1562 canonicas
820 1493 1298 1579 probationes
1332 1499 1399 1563 et
1432 1495 1637 1564 iuxta
1690 1494 2156 1581 disciplinam
2209 1494 2585 1564 Ecclesiae
2625 1512 2769 1561 miv

317 1621 353 1661 «
384 1600 815 1668 trimonium
867 1599 1298 1685 dissolvere,
1348 1619 1578 1688 quam
1630 1602 1933 1671 nomine
1981 1607 2053 1670 et
2098 1604 2258 1670 iure
2324 1601 2761 1670 matrimonii

318 1728 354 1768 «
387 1707 863 1776 occasionem
917 1707 1483 1778 incontinentiae
1546 1709 1940 1796 praebere,
1992 1719 2062 1778 et
2107 1706 2543 1777 continuum
2603 1726 2769 1776 con-

318 1811 642 1882 «fovere
714 1819 1098 1900 peccatum
1136 1836 1198 1880 >›.
1273 1815 1474 1883 Idem
1549 1817 1768 1885 sentit
1838 1817 2130 1902 Ursaya
2207 1812 2528 1902 (Discep.
2582 1813 2765 1882 Eeei.

318 1926 485 1989 tom.
534 1923 599 1989 3.
646 1938 720 2008 ρ.
769 1923 836 1988 2.
888 1940 956 1988 η.
991 1922 1128 2006 93.)
1174 1958 1219 1969 -
1264 1921 1355 1990 ibi
1406 1959 1450 1972 -
1501 1943 1538 2004 ς
1572 1924 1715 1990 Pro
1767 1921 1904 1991 alia
1956 1928 2206 1990 tamen
2240 1939 2471 1990 causa
2519 1920 2769 1990 admit.-

319 2029 558 2098 «titur
607 2048 645 2095 a
701 2028 844 2095 DD.
893 2026 1331 2115 impotentia
1395 2027 1539 2096 oiri
1601 2030 1695 2098 ad
1771 2029 2460 2097 consummandum
2534 2028 2769 2096 matri-

317 2153 355 2196 «
388 2135 750 2218 monium,
803 2152 897 2202 ne
949 2154 1141 2202 uxor
1186 2141 1498 2224 cogatur
1548 2124 1768 2205 invita
1823 2134 1918 2203 ad
1966 2134 2410 2204 caelibatum
2471 2152 2769 2202 servan-

319 2262 355 2302 «
386 2241 611 2325 dum,
666 2241 778 2310 vel
827 2241 1254 2311 subiiciatur
1324 2243 1891 2312 incontinentiae
1939 2242 2284 2328 periculis
2317 2264 2379 2308 ».
2450 2241 2678 2327 idque
2725 2268 2761 2308 i·

314 2346 588 2418 fortiori
638 2349 910 2418 ibidem
958 2352 1203 2438 arguit
1250 2351 1362 2420 vel
1410 2371 1510 2420 ex
1540 2369 1631 2421 eo
1662 2351 1866 2438 quod
1917 2351 2186 2419 iustam
2235 2349 2589 2437 praebeat
2633 2348 2765 2416 dis-

315 2456 771 2542 pensationis
830 2449 1165 2527 causam'
1204 2457 1635 2529 voluntaria
1682 2459 1908 2528 etiam
1941 2456 2201 2528 dilatio
2251 2455 2394 2526 oiri
2442 2455 2761 2544 alioquin

312 2562 639 2652 potentis
685 2567 1278 2637 consummando
1325 2568 1910 2637 matrimonium.
1963 2568 2062 2636 Ita
2114 2568 2334 2637 etiam
2390 2566 2765 2652 Pignatelli

315 2672 584 2760 aliique
618 2691 848 2761 supra
881 2676 1094 2743 citati.
1147 2677 1361 2746 Unde
1399 2678 1584 2746 baec
1620 2678 1778 2764 ipsa
1828 2697 1887 2744 s.
1922 2675 2413 2764 Congregatio
2447 2674 2544 2742 ob
2581 2674 2769 2742 ham

315 2783 723 2867 principem
776 2801 1110 2869 causam,
1159 2790 1231 2853 et
1275 2782 1527 2851 forsan
1577 2784 1675 2852 ob
1728 2784 1922 2852 banc
1974 2784 2293 2868 unicam,
2334 2800 2483 2848 non
2534 2784 2761 2850 semel

315 2906 448 2974 pro
518 2889 1074 2975 dispensatione
1144 2891 1560 2976 consuluit,
1616 2892 1710 2960 uti
1781 2893 1850 2959 in
1927 2889 2258 2960 Cadieen.
2316 2887 2777 2957 matrimonii

313 2999 400 3065 24
447 2996 760 3067 ianuarii
808 3000 1001 3080 1857,
1037 2998 1106 3064 in
1143 3018 1288 3085 qua
1343 3018 1443 3068 ex
1489 2999 1716 3067 dubio
1758 2998 2204 3068 matrimonii
2249 2997 2501 3066 valore
2551 2998 2761 3084 petita

314 3101 461 3190 fuit,
513 3114 597 3174 ut
640 3114 855 3192 put0,
906 3105 1287 3193 potissima
1363 3107 1844 3194 dispensandi
1899 3124 2168 3191 causa;
2242 3124 2479 3194 quum
2540 3105 2765 3175 altera

317 3231 412 3280 ex
458 3210 893 3283 animorum
938 3213 1316 3285 discordia
1364 3215 1703 3300 deducta,
1759 3235 1905 3284 non
1960 3217 2139 3284 satis
2189 3215 2495 3300 probata
2555 3232 2769 3301 appi·-

318 3329 551 3407 reret,
601 3341 824 3391 secus
871 3341 961 3392 ac
1031 3323 1100 3389 in
1176 3324 1538 3410 praesenti
1590 3343 1805 3410 casu,
1856 3343 2006 3410 quo
2065 3331 2136 3392 et
2207 3323 2393 3392 haec
2462 3324 2654 3394 iusta
2705 3336 2765 3392 at

316 3430 571 3515 gravis
620 3429 875 3499 militat
920 3430 1492 3516 dispensationis
1539 3450 1793 3499 causa.
1845 3431 2290 3500 Matrimonii
2341 3432 2539 3500 enim
2578 3451 2769 3500 emn-

317 3533 667 3603 lumentis
714 3536 1016 3604 omnino
1061 3534 1398 3609 fraudata
1468 3538 1641 3606 Iulia
1695 3538 1793 3606 ob
1845 3539 1977 3605 viri
2027 3538 2571 3623 impotentiam,
2623 3554 2765 3604 non

318 3644 474 3711 sine
524 3643 736 3712 istius
782 3644 1035 3730 culpa,
1096 3647 1371 3733 quippe
1433 3651 1505 3715 et
1549 3652 1718 3715 ante
1781 3645 2344 3715 matrimonium
2405 3645 2551 3714 iam
2619 3660 2765 3714 erar

319 3751 662 3837 propriae
696 3748 1103 3839 frigiditatis
1134 3754 1516 3839 conscius;
1568 3754 1867 3842 iugibus
1901 3753 2209 3838 insuper
2257 3752 2559 3838 iniuriis,
2610 3771 2769 3821 con-

319 3859 639 3929 tumeliis
686 3866 907 3947 atque
954 3861 1306 3931 conviciis
1345 3881 1387 3931 a
1423 3862 1582 3930 viro
1632 3870 1703 3931 et
1745 3880 1794 3929 a
1842 3879 2065 3929 socru
2117 3859 2475 3946 lacessita,
2511 3866 2593 3928 ut
2621 3858 2769 3928 fem-

318 3982 586 4035 omnes
634 3973 860 4036 testes
907 3968 1323 4037 iuramento
1374 3969 1761 4055 deponunt
1779 3989 1796 4055 ;
1847 3986 1936 4037 ac
1983 3966 2283 4036 tandem
2332 3967 2431 4037 ab
2463 3968 2630 4053 ipso
2663 3964 2769 4036 fri-

318 4075 490 4162 gido
537 4077 697 4144 viro
747 4076 1084 4163 repulsa:
1133 4076 1231 4144 nil
1282 4077 1555 4145 mirum
1604 4077 1809 4164 quod
1859 4075 1973 4144 illa
2023 4095 2063 4143 a
2117 4077 2296 4157 viro,
2346 4078 2417 4141 et
2449 4074 2765 4142 vicissim

322 4182 434 4250 bic
481 4182 581 4251 ab
631 4201 869 4251 uxore
916 4184 1198 4253 nedum
1246 4201 1560 4270 corpore
1606 4182 1742 4252 sed
1797 4190 1869 4252 et
1913 4182 2164 4251 animo
2215 4180 2530 4248 invicem
2565 4198 2765 4249 aver-

322 4294 667 4360 terentur.
717 4289 933 4360 Unde
979 4290 1257 4375 accidit,
1298 4297 1375 4358 ut
1406 4302 1561 4358 tum
1612 4292 1800 4360 inter
1848 4307 2039 4375 sese,
2075 4295 2230 4357 tum
2283 4287 2470 4355 inter
2519 4286 2773 4354 utrius--

321 4414 465 4482 que
512 4395 831 4466 familias
891 4396 1306 4467 discordiae
1362 4395 2247 4479 exarserint‘eiusmodi,
2301 4399 2378 4463 ut
2423 4392 2769 4481 praedicti

322 4507 548 4572 testes
590 4503 814 4573 etiam
865 4505 1225 4574 retineant
1257 4505 1792 4591 impossibilem
1830 4523 1999 4573 esse
2047 4503 2474 4572 animorum
2524 4520 2769 4572 recon-

323 4609 786 4680 ciliationem.
834 4612 966 4680 His
1013 4610 1206 4681 adde
1256 4630 1618 4698 praesens
1666 4611 1760 4680 de
1809 4610 2252 4680 matrimonii
2303 4612 2632 4681 nullitate
2679 4612 2777 4680 iu-
