3509 5317
859 476 1037 538 ..333-

402 616 446 683 Et
467 614 504 681 in
529 615 601 682 hoc
624 613 734 682 etiam
759 630 852 683 casu
876 613 1044 684 triennali
1077 615 1187 685 datur
1217 615 1323 684 locus
1356 616 1576 687 dummodo

334 721 485 806 mulier,
510 726 552 791 ut
583 720 846 791 animadvertit
867 721 1022 807 elassa,
1047 740 1121 790 non
1155 721 1287 809 probet
1314 740 1357 791 se
1381 722 1575 810 virginem

333 847 420 899 esse
443 846 511 916 per
533 820 738 916 aspectum
752 829 923 916 corporis
945 828 1001 914 (ut
1015 828 1098 900 iecit
1118 828 1231 916 Iulia),
1248 831 1340 918 quia
1361 835 1452 902 tunc
1467 833 1573 902 bene

332 937 482 1007 auditur
504 935 584 1005 sive
607 940 691 1023 post
713 936 839 1021 breve,
863 937 944 1005 sive
968 945 1054 1023 post
1076 936 1231 1024 longum
1257 944 1426 1026 tempus,
1452 945 1493 1009 ut
1516 958 1574 1009 ex

332 1045 389 1113 cit.
412 1063 494 1130 cap.
518 1041 715 1132 reqia'sisti.
744 1046 788 1113 Et
813 1043 1059 1114 confirmatur
1084 1063 1138 1113 -ex
1161 1063 1242 1130 cap.
1264 1044 1568 1134 properantia,

331 1150 378 1220 de
389 1148 603 1240 probation.
627 1152 659 1221 si
683 1150 850 1220 mulieris
865 1151 1020 1222 accedat
1036 1151 1301 1222 iuramentum.
1325 1155 1503 1224 Attamen
1529 1153 1571 1222 in

330 1277 422 1328 casu
458 1259 645 1329 habemus
682 1248 887 1347 utrumque
914 1261 1114 1348 coniugem
1150 1259 1346 1347 latentem,
1373 1281 1493 1331 unum
1525 1264 1569 1330 in

330 1345 670 1452 actione'instituta,
695 1365 855 1435 alterum
879 1367 915 1434 in
939 1369 1172 1438 contumacia
1199 1369 1387 1439 obstinata
1415 1376 1571 1457 praeter

330 1475 598 1564 praecedentes
621 1472 887 1544 confessiones.
912 1474 948 1544 Si
973 1477 1073 1563 enim
1089 1484 1297 1546 contumax
1320 1475 1433 1545 Caius
1448 1495 1567 1547 suam

329 1584 498 1673 frigidam
525 1592 698 1652 naturam
723 1601 862 1671 negare
892 1584 1090 1670 potuisset,
1115 1600 1183 1651 cur
1205 1601 1275 1670 per
1299 1588 1445 1652 rectum
1473 1583 1570 1653 iadi-

328 1689 427 1760 ciam
451 1691 487 1759 in
511 1689 760 1761 ecclesiastica
782 1690 891 1762 Curia
915 1690 1143 1776 institutum,
1167 1692 1312 1780 sibique
1335 1691 1568 1775 scrupulosa

329 1797 460 1867 iudicis
476 1798 660 1887 diligentia
677 1798 954 1884 denunciatum,
971 1817 1082 1869 suam
1099 1817 1213 1886 agere
1227 1817 1385 1868 causam
1404 1799 1567 1867 omnino

328 1908 464 1988 renuit,
489 1910 525 1975 et
547 1912 752 1975 contumax
776 1906 952 1993 perstititt
987 1907 1026 1974 In
1052 1907 1132 1975 viro
1166 1907 1322 1994 insuper
1344 1924 1415 1993 pro
1438 1906 1565 1992 ipsius

327 2012 541 2099 impotentia
566 2014 806 2097 antecedenti,
831 2020 1021 2101 perpetua,
1038 2012 1220 2100 absoluta,
1240 2014 1347 2103 signa
1372 2012 1567 2081 habentur

326 2121 515 2190 moraliter
537 2126 648 2205 certa,
674 2121 731 2190 vel
755 2139 917 2209 prorsus
940 2122 1155 2191 verisimilia
1178 2115 1311 2191 saltem
1343 2125 1458 2207 atque
1482 2138 1566 2189 mo

326 2228 427 2314 ralia,
451 2247 527 2298 non
553 2247 643 2298 vero
666 2229 790 2298 dubia.
817 2230 855 2299 ln
883 2248 1002 2299 uxore
1023 2237 1149 2300 autem
1174 2228 1409 2300 cohabitante
1424 2233 1566 2295 etcon-

326 2332 534 2405 dormiente
565 2354 653 2406 cum
684 2355 755 2405 suo
780 2338 875 2423 viro,
900 2338 1076 2406 continuo
1100 2337 1235 2406 biennii
1267 2346 1453 2422 tempore,
1478 2353 1561 2403 non

325 2444 536 2513 verisimilia
554 2450 697 2513 tantum
714 2444 847 2513 iudicia
868 2445 1065 2537 habentne,
1083 2443 1150 2514 sed
1167 2444 1285 2530 signa,
1303 2442 1558 2528 characteres

324 2558 548 2640 argumenta
569 2552 734 2640 integrae
758 2570 851 2621 suae
874 2552 1093 2641 virginitatis
1116 2552 1268 2620 omnino
1293 2551 1460 2637 physica,
1482 2550 1561 2619 evi-

324 2661 456 2748 dentia,
481 2665 592 2730 certa.

388 2770 443 2837 29.
469 2770 572 2849 Quae
596 2784 681 2835 cum
708 2768 754 2835 ita
780 2785 822 2835 se
846 2766 1009 2835 habeant
1031 2772 1110 2835 tum
1136 2764 1172 2832 in
1196 2765 1276 2834 iure
1293 2772 1373 2834 tum
1390 2763 1427 2830 in
1443 2760 1557 2850 iacta,

322 2877 413 2945 satis
443 2894 634 2963 superque
661 2882 834 2943 constare
859 2874 1004 2943 videtur
1035 2874 1083 2942 de
1106 2872 1276 2942 absoluta
1312 2870 1558 2942 antecedente

321 3000 366 3051 ac
388 2987 575 3071 perpetua
597 2979 755 3050 coeundi
776 2979 994 3068 impotentia
1019 2980 1103 3067 Caii,
1121 2980 1167 3049 ita
1188 2986 1227 3048 ut
1242 2980 1289 3049 ad
1307 2982 1375 3046 1ιιῑιι
1391 2977 1556 3047 dubium

321 3090 497 3175 superius
520 3087 753 3174 propositum
777 3125 800 3134 -
825 3086 922 3154 «An
945 3091 1087 3157 constet
1105 3085 1151 3156 de
1168 3084 1339 3154 nullitate
1360 3080 1558 3152 matrimo

321 3192 373 3260 nii
393 3192 431 3261 in
454 3213 580 3262 oasa»
605 3193 868 3279 -responderi
894 3198 970 3263 tuto
995 3201 1144 3280 posset,
1171 3196 1340 3279 utputo:
1367 3190 1555 3281 Affirma-

322 3302 405 3385 tioe,
425 3298 684 3370 confirmando
701 3303 922 3370 sententiam
939 3299 1213 3371 ecclesiasticae
1237 3298 1380 3368 Curiae.
1406 3297 1479 3367 Sed
1501 3297 1554 3376 ad

319 3408 514 3493 cautelam,
539 3408 656 3475 satius
680 3414 779 3477 esset
803 3408 1050 3494 respondere:
1077 3403 1343 3475 Prouidebitar
1366 3403 1405 3472 in
1425 3420 1555 3473 secran-

318 3516 381 3602 do,
411 3516 473 3584 ubi
496 3516 720 3603 cuicumque
744 3514 959 3599 difficultati,
976 3533 1074 3604 quae
1090 3515 1215 3584 adhuc
1231 3519 1450 3601 superesset
1470 3530 1549 3599 quo

318 3623 366 3693 ad
375 3620 667 3711 perpetzutatem
679 3622 917 3708 impotentiae
934 3623 1017 3708 Caii,
1034 3621 1178 3691 occurri
1195 3618 1399 3689 commode
1414 3623 1549 3707 potest.

685 3830 922 3910 ouaasno
957 3774 1175 3901 sacuam

484 3982 527 4050 De
550 3983 779 4069 dispensatione
802 3986 978 4053 natrinonii
1001 3987 1058 4053 rati
1081 4002 1139 4052 nou
1161 3983 1374 4053 consummati.

381 4160 435 4228 30.
460 4159 675 4228 Secundum
700 4160 825 4249 itaque
847 4161 1005 4230 dubium
1029 4161 1261 4249 propositum
1287 4166 1385 4230 erat:
1415 4163 1473 4228 An
1494 4160 1542 4229 ait

316 4263 580 4334 considendum
617 4266 731 4335 SSrno
755 4286 828 4355 pro
861 4266 1138 4354 dispensatione
1164 4286 1279 4356 saper
1302 4266 1539 4337 matrimonio

317 4377 498 4460 tanquam
522 4377 609 4441 rato
631 4377 666 4443 et
689 4393 764 4443 non
788 4380 1049 4445 oonsrtmmato
1072 4374 1109 4442 in
1132 4394 1234 4444 casa.

381 4480 562 4562 Quamvis
586 4482 676 4550 satia
698 4487 871 4555 constare
895 4481 1064 4551 videatur
1091 4501 1142 4552 ex
1170 4481 1289 4551 allatis
1323 4480 1539 4568 probationi·

314 4587 386 4656 bus
420 4586 466 4655 de
502 4587 729 4657 antecedenti
755 4608 800 4658 ac
822 4596 1002 4676 perpetua
1035 4589 1100 4657 viri
1130 4589 1345 4677 impotentia
1377 4590 1411 4657 in
1436 4607 1534 4674 casu,
