3509 5317
700 453 878 516 -453-

171 591 256 661 tatis
280 591 445 679 privatio,
471 591 598 662 eiectio
621 597 812 678 epatema
837 591 962 678 domo,
978 610 1026 661 an
1045 592 1169 662 addita
1191 587 1302 662 etiam
1327 608 1404 659 ver-

172 698 274 768 bera.

240 807 340 878 Circa
367 808 580 877 secundum
605 806 921 877 considerandum
945 817 1011 888 est,
1037 813 1161 876 utrum
1187 805 1251 895 qui
1285 805 1332 874 de
1366 806 1403 873 il·

174 915 246 985 lata
269 916 304 984 vi
330 921 480 986 metuve
503 922 739 1000 accusantur,
764 916 878 1003 patria
914 920 1094 1002 potestate
1124 921 1159 985 et
1186 914 1402 985 auctoritate

174 1025 363 1112 pollerent,
388 1044 436 1095 an
462 1025 525 1112 qui
550 1024 625 1092 vim
651 1030 841 1094 metumve
866 1025 967 1111 passi
990 1037 1089 1108 sunt,
1115 1024 1326 1093 nullatenus
1351 1022 1406 1090 iis

174 1132 260 1200 dem
284 1128 439 1202 subiecti
462 1129 611 1214 luerint;
636 1149 734 1219 quae
758 1132 849 1200 ratio
874 1132 930 1200 vis
953 1131 1176 1218 inferendae,
1201 1148 1339 1219 magna
1357 1147 1405 1198 ne

173 1258 223 1308 ex
247 1240 484 1308 matrimonio
509 1238 684 1326 propriae
708 1239 837 1308 domui
863 1239 1006 1325 utilitas
1031 1247 1095 1309 aut
1117 1238 1234 1308 decus
1270 1237 1407 1307 obven-

58 1434 63 1443 .
174 1349 445 1435 turumt·quae
470 1346 713 1417 indolesvim
739 1344 985 1431 inserentium,
1008 1366 1107 1434 quae
1129 1346 1310 1432 conditio,
1343 1345 1410 1433 qui

174 1471 318 1540 mores,
342 1471 419 1542 qua
444 1453 586 1523 ratione
610 1450 788 1523 familiam
811 1472 942 1543 regere
965 1453 1245 1538 consueverint;
1279 1456 1407 1520 utrum

174 1561 221 1631 ad
246 1561 482 1633 iracundiam
506 1571 542 1630 et
566 1561 776 1631 violentiam
802 1562 848 1632 ita
872 1568 999 1631 essent
1021 1560 1215 1648 proclives,
1243 1566 1281 1629 ut
1304 1558 1409 1629 facile

173 1669 277 1758 quod
301 1668 543 1739 minabantur
568 1667 801 1756 perficerent,
825 1676 861 1738 et
883 1670 1010 1739 animo
1034 1668 1082 1737 ita
1105 1673 1231 1739 essent
1253 1668 1411 1735 duroat·

174 1795 249 1866 que
273 1777 469 1861 obstinato,
495 1782 536 1845 ut
560 1794 583 1845 a
609 1777 759 1845 nemine
774 1776 843 1846 sihi
858 1777 1059 1846 contradici
1075 1781 1140 1846 aut
1154 1775 1317 1845 consiliis
1329 1774 1409 1843 suis

174 1885 438 1971 impedimenta
464 1884 570 1954 obiici
594 1889 818 1971 paterentur.

150 2026 152 2031 ·
243 1991 374 2071 Quoad
398 1990 548 2060 tertium
575 1991 668 2061 ratio
695 1990 865 2061 habenda
891 1991 958 2060 erit
986 1991 1148 2077 primum
1181 2008 1300 2060 sexus
1332 2007 1411 2075 per-

175 2116 292 2168 sonae
316 2117 413 2185 quae
438 2097 650 2167 violentiam
675 2116 786 2184 passa
811 2097 959 2182 dicitur;
983 2094 1127 2166 facilius
1142 2099 1240 2167 enim
1259 2095 1408 2166 animus

174 2205 322 2293 puellae
345 2209 617 2291 commovetur,
642 2223 757 2293 quam
782 2206 866 2288 viri;
891 2205 1026 2275 deinde
1052 2207 1202 2289 aetatis
1228 2205 1413 2274 educatio·-

175 2314 243 2399 nis,
269 2312 410 2399 indolis,
439 2321 568 2383 utrum
593 2332 729 2399 nempe
754 2313 850 2383 mitis
873 2332 919 2383 ae
942 2312 1067 2383 timida
1092 2310 1209 2399 luerit,
1234 2331 1282 2382 an
1307 2309 1408 2380 fortis

175 2425 212 2490 et
234 2424 438 2506 constane,
462 2440 537 2508 qua
575 2421 716 2490 ratione
747 2421 783 2489 in
817 2421 954 2493 familia
990 2422 1116 2492 vivere
1151 2420 1408 2503 consueverit,

176 2533 301 2597 utrum
327 2528 400 2596 sub
424 2528 592 2599 custodia
619 2533 655 2597 et
680 2528 862 2616 vigilantia
888 2533 1103 2615 parentum,
1126 2531 1176 2598 ita
1206 2533 1246 2597 ut
1273 2527 1322 2597 ab
1352 2545 1410 2596 eo

176 2653 261 2704 rum
285 2634 441 2721 imperio
467 2653 619 2722 semper
650 2635 745 2705 etin
777 2636 953 2715 omnibus
981 2636 1175 2724 penderet,
1206 2654 1255 2705 an
1285 2635 1409 2723 aliqua

177 2743 341 2814 libertate
364 2741 553 2815 frueretur
576 2749 615 2811 ut
638 2747 674 2811 et
697 2744 844 2831 propria
870 2763 985 2826 sensa
1012 2763 1220 2830 exponere,
1249 2748 1285 2815 et
1308 2744 1409 2814 iuxta

176 2851 369 2939 propriam
395 2851 624 2921 voluntatem
649 2852 794 2938 operari
814 2853 989 2938 potuerit3
1005 2872 1054 2923 an
1072 2858 1246 2939 parentes
1261 2854 1307 2922 ita
1325 2871 1410 2923 eam

177 2957 414 3046 segregamur,
455 2964 492 3026 ut
533 2958 658 3027 omnis
691 2958 831 3027 consilii
866 2960 1063 3045 expetendi
1098 2957 1255 3029 facultas
1290 2958 1409 3028 eidem

177 3066 349 3153 adempta
374 3065 493 3151 luerit,
519 3085 588 3135 nec
611 3066 787 3154 cuiquam
811 3068 979 3137 eiusdem
996 3067 1245 3156 alloquendae
1264 3068 1411 3155 copiam

177 3173 379 3259 tribuerint,
404 3172 473 3241 nisi
497 3191 597 3260 quos
622 3173 669 3244 de
692 3174 928 3243 matrimonio
954 3173 1117 3244 ineundo
1141 3174 1292 3243 consilia
1311 3193 1414 3261 prae

178 3283 266 3353 bere
290 3301 402 3368 posse
425 3282 676 3351 iudicaverint.
1383 3355 1385 3359 ,

243 3391 265 3473 ἓ
286 3392 341 3459 38.
367 3390 519 3459 Praeter
544 3390 611 3459 ista
638 3389 901 3477 inquirendum
927 3390 1004 3474 erit,
1029 3395 1155 3465 utrum
1173 3392 1235 3478 qui
1252 3390 1299 3460 de
1316 3390 1410 3459 illata

177 3496 213 3564 vi
237 3497 485 3584 conqueritur,
510 3496 713 3584 aliquando
731 3495 949 3566 relationem
967 3496 1137 3573 habuerit
1157 3516 1245 3567 cum
1262 3516 1307 3565 eo
1323 3516 1410 3566 curn
1458 3527 1461 3531 <

178 3623 253 3693 quo
279 3609 407 3692 postea
431 3605 633 3691 contraxit;
659 3614 695 3673 et
719 3612 844 3674 utrum
870 3604 1072 3692 aliquando
1096 3606 1328 3692 propositum
1346 3605 1414 3684 lra-

177 3712 298 3782 buerit
320 3730 412 3781 cum
438 3712 573 3782 eodem
599 3712 853 3783 contrahendi.
878 3713 918 3781 ln
944 3729 1035 3789 casu
1060 3711 1283 3781 affirmativo
1300 3712 1415 3799 inqui·

88 3902 90 3905 ¹
180 3821 349 3904 rendum,
376 3838 472 3907 quas
495 3819 544 3889 ob
569 3838 707 3892 causas
738 3820 936 3907 voluntatis
967 3821 1120 3890 mutatio
1150 3820 1358 3909 contigerit3
1389 3839 1412 3889 a

178 3945 254 4013 quo
279 3932 447 4013 tempore
471 3927 669 3997 consilium
694 3925 801 3997 luerit
824 3921 1021 4014 mutatum,
1041 3931 1167 3997 utrum
1193 3944 1329 4015 nempe
1352 3946 1414 4007 an-

180 4039 331 4122 tequam
356 4043 534 4119 parentes
558 4036 751 4122 propriam
775 4034 1005 4104 voluntatem
1023 4034 1270 4118 ostenderent,
1288 4053 1335 4102 an
1353 4052 1415 4121 po·

178 4150 275 4227 stea3
301 4141 337 4212 et
360 4147 485 4212 utrum
511 4161 560 4211 ex
585 4142 820 4230 praecedenti
846 4142 1022 4213 relatione
1051 4142 1174 4229 aliqua
1206 4146 1334 4210 exorta
1369 4141 1415 4210 sit

178 4250 341 4336 suspicio
358 4255 486 4321 contra
507 4249 681 4320 decorem
701 4251 757 4321 vel
781 4252 899 4337 ipsius
923 4268 1112 4336 personae
1124 4250 1180 4318 vot
1198 4246 1367 4337 familiae,
1387 4269 1413 4337 >a

179 4377 252 4445 qua
270 4366 445 4444 parentes
465 4359 607 4427 moveri
623 4359 810 4445 potuerint
825 4357 871 4427 ad
891 4357 1169 4426 matrimonium
1187 4356 1411 4452 exigendum

179 4469 371 4552 tamquam
398 4464 605 4534 remedium
623 4465 746 4541 bonae
768 4462 892 4533 lamae
916 4463 1348 4557 recuperandae.,Et3iam
1366 4464 1416 4530 in-

181 4573 464 4659 vestigandum,
499 4572 587 4659 quid
625 4572 719 4642 haec
754 4589 914 4659 persona
949 4570 1074 4653 fecerit
1105 4576 1144 4671 ut
1172 4590 1194 4642 a
1225 4570 1415 4640 coactione
