3509 5317
1759 496 2114 555 —114—

717 632 809 700 :ih
856 631 1434 719 interpellatione
1483 631 1751 720 largiri,
1802 650 2030 719 quarn
2082 630 2328 718 potius
2373 648 2511 715 per
2558 647 2728 698 eam
2792 630 3172 718 dispensa·

717 744 988 809 nonem
1058 738 1470 810 dissolvere
1551 739 1878 826 primum
1954 738 2281 833 validum
2350 736 2829 824 coniugium3
2903 736 3172 809 docent

717 846 987 916 scilicet
1029 847 1232 934 quod
1285 867 1321 910 «
1354 846 1622 933 prior1s
1670 845 1942 915 vinculi
1990 845 2261 915 ablatio
2309 843 2804 913 adscribenda
2855 845 2950 915 sit
3001 865 3170 932 apo-

713 953 1008 1023 stolicae
1055 954 1413 1041 potestati,
1463 973 1661 1041 quae
1708 954 1780 1021 vi
1833 971 2240 1023 concessae
2310 952 2503 1020 illius
2572 951 3164 1039 dispensationis,

717 1052 1117 1131 infidelium
1146 1059 1639 1147 matrimonia,
1666 1061 2008 1130 nondum
2039 1066 2205 1147 post
2228 1061 2801 1131 conversionem
2822 1062 2918 1129 ad
2937 1059 3162 1131 fldem

713 1174 1259 1254 f-nnsummata,
1313 1170 1450 1240 sed
1497 1170 1748 1238 adhuc
1794 1187 1999 1237 mere
2059 1173 2281 1254 rata,
2334 1169 2673 1238 solvendi
2735 1171 3166 1238 auctoritate

713 1277 947 1362 pollet,
996 1292 1068 1346 et
1111 1278 1207 1346 de
1256 1276 1401 1346 fato
1448 1278 1786 1347 diSsolvit
1815 1300 1877 1343 ».
1928 1280 2143 1361 Etre
2211 1276 2517 1365 quidem
2590 1295 2769 1346 vera
2798 1330 2815 1363 ,
2888 1277 3164 1363 Grego-

713 1388 863 1452 rius
911 1386 1082 1454 XIII
1132 1387 1202 1452 in
1258 1386 1503 1456 litteris
1551 1385 1692 1454 diei
1744 1389 1833 1455 25
1903 1386 2216 1455 ianuarii
2290 1385 2465 1454 1585
2538 1385 2812 1470 inquit:
2886 1405 2923 1447 «
2959 1385 3165 1465 Quae

713 1494 1200 1578 matrimonia,
1251 1493 1537 1562 etiamsi
1589 1499 1841 1581 postea
1895 1494 2307 1578 innotuerit,
2357 1492 2720 1579 coniuges
2752 1492 3040 1578 priores
3073 1492 3166 1558 in-

713 1599 968 1668 fideles
1015 1618 1236 1668 suam
1290 1600 1745 1669 voluntatem
1795 1597 2289 1684 (adhaerendi
2334 1595 2612 1668 scilicet
2656 1594 2813 1666 suis
2852 1594 3167 1686 coniuqi-

705 1710 868 1792 mss)
915 1710 1104 1778 iuste
1151 1710 1546 1796 impeditos
1594 1707 1993 1786 declarare
2038 1726 2189 1778 non
2233 1706 2605 1795 potuisse,
2661 1711 2732 1776 et
2779 1705 2885 1776 ad
2914 1704 3162 1793 fldem

709 1816 929 1885 innam
1004 1821 1335 1905 tempore
1409 1815 1781 1886 transacti
1848 1815 2158 1888 secandi
2224 1814 2689 1886 matrimonii
2765 1834 3162 1884 conversos

693 1924 964 2009 lineae,
1019 1923 1502 1994 nihilominus
1552 1927 1866 1997 rescindi
1917 1945 2311 2015 nunquam
2361 1927 2655 2011 debere,
2706 1925 2841 1994 sed
2911 1924 3160 1994 valida.

705 2040 777 2100 rt
828 2031 1080 2119 firma
1127 2052 1284 2101 esse
1316 2055 1353 2096 »
1408 2034 1450 2100 ¹.
1499 2071 1545 2081 —
1594 2033 1749 2102 Iam
1825 2053 2003 2103 vero
2077 2034 2192 2102 his
2267 2034 2514 2103 verbis
2583 2031 2924 2102 Pontifex
2995 2052 3162 2119 sup-

709 2140 905 2224 ponit
950 2140 1170 2210 etiam
1219 2158 1505 2223 casum,
1556 2140 1626 2208 in
1678 2159 1830 2227 quo
1881 2141 2133 2209 nullus
2181 2141 2401 2210 datur
2437 2141 2647 2210 locus
2681 2138 3003 2209 facultati
3031 2159 3163 2227 per

709 2246 1141 2332 .-‘apostolum
1193 2245 1429 2317 factae
1476 2248 1872 2318 occasione
1919 2248 2221 2318 alterius
2269 2247 2609 2334 coniugis
2678 2245 3152 2333 discedentia,

705 2351 1086 2422 deficiente
1135 2355 1203 2421 in
1255 2374 1433 2423 casu
1485 2356 1945 2425 conditione:
1994 2355 2061 2424 si
2102 2353 2428 2442 infidelis
2474 2351 2815 2441 discedit,
2871 2355 3158 2440 (fidelis)

701 2460 1037 2550 discedat
1061 2481 1092 2546 ;
1142 2481 1383 2549 quum,
1430 2481 1576 2531 non
1637 2464 1865 2534 modo
1935 2463 2318 2552 ignoretur
2385 2462 2807 2546 discessus,
2883 2461 3018 2531 sed
3091 2467 3159 2530 et

701 2571 1002 2639 :mnino
1051 2569 1318 2639 deesse
1364 2576 1855 2658 supponatur,
1907 2571 2076 2659 quia
2114 2576 2185 2640 et
2214 2570 2402 2641 alter
2433 2571 2713 2640 coniux
2763 2573 3156 2642 exhibetur

709 2692 781 2744 ιη.
827 2677 920 2745 ad
970 2675 1196 2745 fldem
1251 2679 1398 2746 iarn
1447 2696 1869 2747 conversus
1916 2685 2453 2765 ternporequo
2503 2678 2688 2748 alter
2721 2698 2963 2749 novas
2995 2699 3160 2749 con—

705 2783 1037 2853 trahebat
1080 2785 1400 2870 nuptias
1451 2785 1637 2852 Cum
1688 2803 1870 2872 ergo
1918 2784 2167 2853 divino
2218 2786 2397 2870 iure,
2448 2785 2713 2854 Christi
2765 2786 2927 2874 lege
2998 2805 3159 2856 san-

701 2892 859 2976 vito,
912 2910 1197 2960 novum
1246 2886 1566 2980 nequeat
1615 2891 1772 2960 iniri
1821 2892 2140 2980 coniugii
2190 2890 2452 2961 foedus
2502 2892 2637 2959 nisi
2691 2893 2958 2979 prioris
3000 2911 3162 2961 con-

713 2997 1057 3067 summati
1101 2996 1564 3067 matrimonii
1627 2999 2010 3067 vinculum
2079 2998 2458 3084 solvatur;
2528 3016 2703 3067 cum
2776 2999 2920 3067 hoc
3000 2995 3155 3068 fleri

705 3114 1021 3195 inlaqueat
1066 3108 1203 3175 nisi
1259 3108 1369 3176 vel
1420 3106 1847 3176 alterutrius
1894 3105 2233 3191 coniugis
2282 3113 2541 3191 morte,
2592 3104 2707 3174 vel
2758 3104 2827 3172 vi
2876 3106 3161 3192 privile-

701 3216 789 3292 gii
839 3234 883 3283 a
933 3214 1164 3284 Paulo
1213 3213 1696 3301 promulgati;
1732 3231 2061 3298 cumque
2095 3211 2282 3282 haec
2313 3212 2382 3279 in
2418 3231 2600 3281 casu
2636 3210 2959 3282 deficere
2991 3233 3162 3300 sup·

705 3330 1071 3408 ponantur
1117 3332 1189 3390 et
1233 3322 1714 3391 nihilominus
1785 3319 2121 3390 Pontifex
2193 3320 2433 3390 valida
2502 3320 2854 3390 decernat
2923 3326 3161 3408 poste-

705 3432 890 3500 riora
939 3430 1327 3518 coniugia:
1375 3430 1978 3499 concludendum
2029 3428 2335 3497 omnino
2384 3435 2517 3513 est,
2567 3428 2818 3514 ipsum
2852 3428 2946 3497 de
2989 3448 3161 3515 apo-

697 3536 994 3605 stolicae
1019 3536 1468 3623 plenitudine
1494 3538 1896 3624 potestatiS,
1925 3554 2058 3622 per
2081 3534 2713 3621 dispensationem
2746 3535 2953 3620 prius
2980 3535 3159 3604 illud
3262 3611 3276 3626 ‚

705 3644 1076 3711 alnculurn
1124 3643 1517 3731 coniugale
1565 3643 2045 3729 dissolvisse;
2096 3643 2232 3711 nisi
2283 3641 2421 3709 dici
2478 3640 2672 3727 velit,
2746 3639 3156 3709 Summum

701 3756 713 3816 l
737 3760 765 3812 *z
785 3749 1379 3845 intiflcernfflullo
1405 3749 1869 3838 suffragante
1896 3751 2077 3836 iure,
2105 3749 2614 3838 polygamiam
2641 3746 3156 3834 dispensando

701 3858 1145 3944 permisisse,
1187 3858 1313 3927 -vel
1362 3858 1582 3927 etiam
1634 3858 2179 3944 polyandriam.
2230 3857 2469 3927 Secus
2537 3856 2738 3923 enim
2809 3853 3153 3924 Pontifex

701 3966 895 4036 lmud
945 3969 1306 4054 potuisset
1372 3968 1777 4054 declarare,
1827 3965 2151 4036 rescindi
2222 3984 2611 4054 nunquam
2672 3962 2968 4049 debere,
3021 3963 3153 4033 sed

697 4074 947 4145 salicia
979 4082 1051 4145 et
1080 4075 1331 4164 firma
1379 4095 1538 4160 esse
1588 4077 1999 4162 posteriora
2048 4076 2388 4163 coniugIa
2438 4095 2486 4144 a
2532 4074 2921 4142 conversis
2985 4093 3149 4142 con·

697 4188 939 4252 uncta.
990 4186 1232 4270 Atque
1279 4183 1445 4252 ideo
1496 4183 1904 4269 Gregorius
1949 4181 2120 4249 XIII
2170 4183 2242 4249 in
2306 4182 2565 4250 iisdem
2645 4181 2896 4248 litteris
2967 4181 3150 4250 eIus-

697 4290 892 4358 tundi
940 4310 982 4358 a
1035 4291 1254 4377 priori
1307 4289 1603 4358 vinculo
1651 4288 2283 4375 dispensationem
2332 4305 2871 4370 concessurus,
2924 4286 3147 4354 huius

828 4506 843 4539 ¹
878 4502 1033 4563 Vide
1063 4504 1174 4562 has
1203 4502 1455 4563 litteras
1484 4503 1586 4561 vel
1617 4502 1773 4578 apud
1804 4501 2183 4562 Clericatum
2215 4503 2292 4561 de
2322 4509 2515 4558 macr.
2544 4501 2741 4559 decia.
2779 4499 2807 4554 1
2827 4498 2884 4556 1.
2923 4516 2991 4554 η.
3019 4495 3145 4561 28,-

697 4644 720 4648 -
761 4603 855 4663 rel
899 4607 961 4665 in
1005 4604 1113 4664 cit.
1164 4602 1580 4663 Collectsscnea
1623 4603 1966 4662 societatis
2013 4604 2436 4672 Missionum,
2476 4618 2545 4658 n.
2587 4596 2745 4658 920.
2786 4614 2947 4676 pay.
2982 4594 3135 4658 408.
