3509 5317
683 508 842 568 ..pp-

143 647 298 717 ‹quam
321 630 358 697 in
384 629 455 698 hac
470 646 610 716 sponsa
629 627 772 715 virgine
784 627 1056 713 experiebatur,
1074 643 1226 696 cessare
1250 633 1379 713 posset

143 736 216 803 «in
241 735 311 807 alia
338 735 493 806 muliere
517 735 651 822 vidua,
676 735 778 823 quod
809 754 924 820 saepe
959 734 1088 823 praxis
1122 732 1281 803 docuit»
1309 732 1330 800 ¹.
1355 772 1377 781 -

141 843 210 912 His
236 844 330 914 baec
352 844 459 914 adde.

211 951 252 1018 In
277 948 358 1019 foro
383 951 621 1020 notissimum
646 951 891 1037 est,·saepius
922 950 1159 1036 impotentiae
1182 944 1378 1037 qualitates

142 1078 230 1128 esse
254 1058 490 1129 difficillimae
523 1057 762 1145 probationis.
800 1059 894 1127 Hinc
918 1057 1195 1144 sapientissimo
1223 1057 1377 1126 consilio

127 1167 350 1254 apostatica
373 1167 490 1237 Sedes
514 1166 551 1234 in
575 1165 760 1235 eiusmodi
784 1163 910 1250 dubio,
935 1164 1055 1233 atalia
1067 1168 1315 1233 concurrente
1333 1163 1378 1232 ie

142 1273 274 1362 gitima
296 1291 423 1359 causa,
448 1271 627 1342 adbibere
651 1289 727 1339 non
752 1271 875 1341 renuit
899 1270 1063 1340 salutare
1087 1269 1376 1357 dispensationis

144 1379 357 1450 remedium
380 1379 428 1448 ad
452 1379 624 1449 evitanda
650 1378 759 1449 etiam
785 1378 1013 1466 gravissima
1041 1377 1100 1447 ilia
1126 1377 1377 1462 incommoda,

143 1507 244 1576 quae
268 1487 370 1556 haud
395 1506 481 1557 raro
505 1487 736 1572 exoriuntur,
761 1505 892 1574 quum,
917 1485 1105 1556 declarata
1121 1505 1188 1573 per
1204 1487 1304 1555 viam
1330 1488 1379 1555 iu·

143 1594 439 1665 stitiaenuliitate
452 1593 834 1680 matrimonii,etinitis
847 1593 1025 1664 secundis
1036 1594 1378 1683 nuptiisaconiuge

144 1710 305 1791 potente,
330 1722 419 1789 pars
442 1702 626 1771 declarata
654 1703 849 1787 impotens,
867 1701 947 1771 sive
972 1701 1061 1771 artis
1092 1701 1267 1770 remediis
1298 1702 1378 1771 sive

145 1818 305 1879 naturae
322 1808 472 1896 viribus,
486 1809 729 1897 aptitudinem
744 1808 960 1895 adipiscitur
972 1807 1019 1876 ad
1032 1808 1258 1877 coeundum.
1273 1810 1379 1878 Tunc

145 1917 245 1984 enim
274 1915 331 1984 vei
357 1915 443 1984 huic
458 1916 684 1986 restituenda
698 1915 792 1986 foret
805 1916 921 2001 prima
942 1916 1081 1984 coniux
1093 1917 1269 2001 quamvis
1286 1916 1379 1985 baec

146 2023 249 2093 atteri
276 2024 473 2109 nupsisset
499 2023 557 2093 vei
575 2024 622 2092 ad
636 2024 778 2093 maiora
792 2023 930 2093 damna
945 2030 981 2092 et
996 2029 1123 2094 exorta
1139 2025 1380 2111 incommoda

146 2130 375 2214 amovenda,
401 2130 639 2205 concedende
666 2134 766 2200 esset
788 2130 1018 2217 dispensatio
1041 2152 1062 2201 a
1097 2130 1245 2199 vinculo
1270 2130 1378 2216 primi

147 2236 373 2305 matrimonii
398 2237 464 2305 rati
489 2256 563 2305 non
588 2238 851 2307 consummati.
876 2239 920 2306 Et
943 2238 1026 2307 ideo
1051 2239 1086 2306 in
1111 2236 1294 2307 eiusmodi
1319 2236 1379 2305 ad·

146 2344 281 2412 iunctis
305 2343 408 2413 haud
434 2362 518 2413 raro
543 2344 579 2414 S.
597 2344 633 2413 C.
652 2344 891 2415 declarationi
908 2344 1083 2415 nuiiitatis
1099 2352 1206 2415 cavet
1222 2362 1268 2413 ea
1283 2343 1379 2413 claa-

146 2450 248 2520 suia:
275 2450 386 2520 actito
411 2449 492 2519 niro
518 2450 682 2521 transita
706 2452 759 2522 ad
781 2451 878 2521 alius
902 2452 1069 2541 nuptias,
1095 2451 1306 2523 inconsulta
1323 2474 1380 2522 sa·

146 2577 213 2626 cra
245 2557 549 2646 Conprepatione.
943 2544 945 2549 ’

212 2669 271 2736 25.
298 2666 428 2747 Quoad
453 2667 548 2735 alias
573 2667 815 2754 probationes
840 2668 952 2737 buius
975 2685 1114 2737 causae
1146 2667 1379 2738 animadver-

148 2776 304 2846 tendum
330 2781 387 2844 est
406 2772 546 2863 primo,
573 2774 755 2845 triennale
778 2774 1060 2845 cohabitationis
1077 2775 1378 2861 experimentum

147 2900 234 2950 curn
262 2881 311 2949 ab
334 2881 418 2950 auia
445 2882 643 2952 recesserit
657 2882 705 2952 ad
722 2882 973 2970 detegendum
990 2900 1038 2950 an
1061 2883 1278 2969 impotentia
1301 2901 1381 2969 per·

147 2995 260 3076 petua
286 2987 333 3056 sit
357 2987 414 3057 vei
430 2989 608 3059 sanabilis
625 2989 660 3057 in
679 3008 797 3059 causa
812 2986 993 3058 naititatis
1011 2989 1245 3068 matrimonii,
1263 2989 1379 3059 multo

148 3097 277 3165 minus
300 3096 555 3166 adhibendum
581 3104 639 3167 est
662 3097 698 3164 in
716 3116 831 3166 causa
848 3094 1138 3187 dispensationis
1154 3096 1378 3166 matrimonii

149 3204 215 3275 rati
240 3222 316 3272 non
341 3206 604 3274 consummati.
630 3243 653 3252 -
671 3204 841 3274 meando
854 3206 884 3301 si
901 3206 1082 3292 coniuges
1097 3202 1315 3291 confugiunt
1331 3203 1379 3273 ad

149 3310 358 3380 remedium
372 3310 659 3399 dispensationis
675 3311 829 3400 quando
845 3312 951 3399 signa
970 3311 1205 3398 impotentiae
1223 3311 1288 3377 viri
1302 3329 1379 3378 non

149 3424 239 3487 sunt
262 3418 452 3487 evidenter
475 3419 744 3505 concludenda,
770 3421 837 3489 sad
860 3416 1144 3508 praesumptive
1158 3415 1376 3507 probantia,

149 3535 238 3619 tunc
277 3525 475 3611 requiritur
509 3536 548 3595 ut
581 3531 738 3614 [iterque
766 3525 907 3595 coniux
943 3543 1031 3593 cum
1062 3524 1223 3613 septima
1262 3544 1379 3593 mann

149 3639 348 3721 parentum
373 3640 439 3702 aut
461 3632 680 3703 viciniorum
707 3633 828 3703 bonae
844 3631 978 3715 famae,
995 3631 1025 3698 si
1045 3631 1241 3719 propinqui
1259 3630 1381 3700 detue

151 3741 231 3825 rint,
257 3739 552 3826 depositionibus
574 3740 656 3809 suis
681 3741 890 3809 iuramento
914 3737 1072 3806 firmatis
1096 3756 1176 3805 rem
1207 3755 1379 3824 compro·

150 3849 246 3932 beat,
273 3852 313 3916 ut
336 3846 624 3933 dispensationis
647 3865 766 3919 causa
789 3853 942 3917 constet.

214 3956 271 4024 26.
298 3953 471 4024 Secunda
493 3974 621 4024 eausa.
646 3991 667 4004 -
693 3957 816 4043 Lepra
841 3955 899 4023 vel
930 3954 999 4023 alia
1030 3953 1226 4022 infirmitas
1255 3956 1378 4020 conta·

151 4061 253 4150 giosa
279 4065 316 4129 et
338 4060 523 4144 diuturna,
549 4062 599 4131 uti
624 4066 682 4131 est
705 4062 980 4148 elephantiasis
1005 4080 1103 4147 quae
1132 4070 1217 4146 post
1248 4059 1376 4127 initam

152 4168 432 4238 matrimonium
457 4175 542 4238 ante
565 4170 933 4237 consummationem
959 4173 994 4236 in
1020 4168 1196 4238 atterutro
1220 4168 1379 4254 coniuge

152 4276 343 4366 detegitur,
369 4276 528 4363 legitima
557 4283 732 4346 censetur
762 4294 876 4344 causa
909 4276 957 4344 ad
988 4274 1297 4362 dispensandum.
1328 4274 1378 4343 lta

218 4528 296 4587 ¹De
317 4527 419 4587 Lucas
444 4527 623 4588 Theatrum
647 4528 799 4586 veritatis
821 4534 853 4585 et
876 4527 1035 4591 iustitiae,
1059 4527 1112 4583 lib.
1141 4525 1194 4584 14.
1224 4531 1312 4600 part.
1344 4522 1377 4583 2.

153 4629 192 4689 de
211 4630 362 4688 matrim.
386 4626 527 4686 discors.
551 4623 611 4684 IX.
638 4644 671 4683 n.
690 4628 722 4683 δ’.
