3509 5317
1787 497 2142 557 —216—

886 639 985 706 13.
1037 636 1111 707 Si
1158 640 1409 704 autem
1446 634 1866 721 Episcopus
1897 649 2210 711 causam
2246 631 2870 702 matrimonialem
2906 634 3186 720 speciali

754 745 1105 814 mandato
1153 740 1359 812 alteri
1410 741 1705 828 proprie
1751 737 2206 825 deleyaoerit
2250 739 2409 806 sive
2459 743 2538 808 ut
2581 744 2746 808 acta
2795 757 3183 825 processus

750 858 1032 922 tantum
1079 848 1438 936 conficiat,
1491 854 1872 917 reservato
1904 847 2043 915 sibi
2076 848 2233 916 iure
2270 844 2686 933 proferendi
2737 849 3187 932 sententiam,

746 959 905 1026 sive
952 962 1033 1027 ut
1078 962 1307 1026 totam
1355 962 1761 1044 cognoscat
1807 973 2118 1025 causam
2168 959 2239 1024 et
2269 956 2709 1024 sententiam
2744 952 2950 1041 ferat,
2984 975 3190 1042 quae-

754 1066 930 1134 ritur·
976 1084 1072 1134 an
1121 1064 1381 1133 saltem
1420 1074 1596 1131 tunc
1628 1061 1725 1131 ad
1756 1061 2223 1147 delegantem
2262 1061 2716 1148 Episcopum
2766 1062 2883 1132 vel
2910 1062 3006 1131 ad
3039 1063 3188 1132 eius

746 1178 814 1242 in
866 1173 1109 1242 officio
1169 1188 1697 1241 successorem
1760 1169 2296 1256 appellandum
2346 1171 2455 1238 sit.
2504 1207 2551 1217 -
2610 1171 2975 1240 Generale
3023 1172 3191 1241 iuris

750 1280 1190 1367 Ion-incipiam
1255 1283 1386 1363 est,
1434 1274 1613 1346 dari
1659 1275 2238 1366 appellationem
2285 1274 2381 1344 ab
2430 1274 2666 1347 indice
2696 1275 3034 1366 delegato
3097 1278 3194 1348 ad

746 1386 1227 1475 daleyantem.
1277 1385 1465 1455 Cum
1527 1386 1723 1454 enim
1776 1383 2213 1453 Ordinarius
2277 1385 2657 1471 propriam
2704 1404 2794 1453 ac
2858 1385 3190 1454 stabilem

750 1498 838 1562 lia
853 1498 1018 1564 beat
1040 1494 1636 1580 iurisdictionem,
1663 1512 1832 1562 eam
1861 1492 2210 1562 abdicare
2237 1493 2490 1579 nequit
2513 1493 2736 1561 etiam
2760 1511 2939 1561 cum
2973 1498 3188 1561 totam

746 1602 1040 1690 delegat
1084 1620 1415 1671 causam.
1470 1599 1684 1671 Unde
1709 1601 1929 1669 etiam
1955 1599 2375 1688 delegatam
2404 1600 2980 1668 iurisdictionem
3013 1617 3192 1667 sem-

750 1730 882 1794 per
928 1713 1168 1796 potest
1215 1726 1591 1793 revocare,
1623 1726 1848 1777 secus
1882 1725 1970 1777 ac
2001 1707 2217 1776 estin
2250 1707 2612 1795 delegato,
2660 1707 2790 1794 qui
2835 1725 3010 1776 cum
3047 1726 3184 1774 non

754 1815 1135 1902 propriam
1196 1815 1329 1884 sed
1391 1833 1833 1885 concessam
1894 1823 2183 1884 tantum
2252 1815 2526 1884 habeat
2582 1814 3182 1898 iurisdictionem,

746 1945 916 1994 nam
962 1924 1033 1992 in
1070 1928 1296 1993 totam
1332 1922 1897 2010 subdelegando
1928 1921 2278 1992 abdicare
2312 1927 2570 2009 potest,
2604 1923 2696 1992 ita
2750 1929 2828 1991 ut
2875 1923 2997 1991 ubi
3031 1922 3187 1991 sub-

750 2034 1133 2120 delegatus
1166 2051 1256 2100 ea
1293 2033 1389 2101 uti
1422 2032 1766 2118 coeperit,
1802 2030 2189 2118 delegatus
2220 2049 2390 2100 eam
2419 2049 2772 2100 revocare
2799 2036 3115 2117 nequeat
3149 2028 3188 2094 ¹.

750 2178 794 2186 -
842 2142 935 2207 At
978 2157 1159 2207 vero
1208 2140 1276 2205 in
1326 2139 1579 2206 causis
1611 2136 2282 2207 matrimonialibus
2316 2156 2497 2205 aera
2530 2141 2604 2205 et
2648 2136 2960 2225 proprIe
2998 2135 3185 2206 dicta

750 2245 1155 2334 appellatio
1202 2246 1300 2316 ab
1357 2246 1598 2315 iudice
1646 2245 1987 2331 delegato
2054 2247 2150 2316 ad
2207 2247 2677 2335 delegantem
2741 2247 3181 2333 Episcopum

754 2373 908 2422 non
955 2352 1194 2421 datur.
1244 2353 1457 2422 Ratio
1506 2357 1708 2439 patet
1751 2372 1850 2422 ex
1898 2355 1984 2421 iis
2030 2372 2225 2441 quae
2258 2353 2592 2422 diximus
2638 2355 2911 2440 (praec.
2959 2373 3113 2439 cap.
3147 2354 3190 2421 1.

754 2482 915 2546 pag.
981 2462 1160 2546 170).
1222 2460 1528 2548 Scilicet,
1588 2479 1766 2529 cum
1828 2481 1963 2549 per
2019 2462 2421 2531 Tridentini
2484 2463 2868 2532 decretum
2933 2480 3191 2532 causae

746 2565 1336 2637 matrimoniales
1390 2569 1817 2639 subtractae
1861 2566 2133 2639 fuerint
2191 2569 2500 2655 Decani,
2551 2570 3065 2640 Archidiaconi
3128 2575 3191 2639 et

746 2678 1065 2746 aliorum
1115 2674 1546 2748 inferiorum
1606 2677 1905 2764 iudicio,
1948 2684 2021 2747 et
2066 2674 2614 2766 Episcoporam
2676 2682 2971 2747 tantam
3016 2698 3189 2747 exa-

746 2784 929 2854 mini
970 2790 1044 2853 et
1088 2784 1581 2855 iurisdietioni
1605 2790 2068 2870 reservatae,
2122 2785 2516 2874 delegatus
2561 2787 2659 2855 ab
2705 2787 3073 2874 Episcopo
3102 2788 3190 2857 ad

746 2894 1224 2963 iudicandum
1281 2895 1352 2961 in
1419 2893 1788 2964 eiusmodi
1848 2895 2100 2962 causis
2160 2913 2309 2962 non
2375 2899 2618 2980 potest
2676 2894 3004 2964 iudicare
3069 2895 3197 2963 nisi

754 3002 907 3070 vista
955 3008 1028 3069 et
1071 3001 1141 3068 in
1196 3019 1514 3086 persona
1551 3001 1915 3089 Episcopi,
1950 3001 2022 3067 in
2056 3001 2272 3070 cuius
2319 3000 2664 3069 tribunali
2713 3005 2785 3069 et
2829 3003 3012 3071 sede
3043 3021 3194 3071 sen-

750 3107 1047 3175 tentiam
1081 3104 1378 3193 profert.
1413 3109 1656 3194 Atque
1705 3108 1871 3177 ideo
1919 3108 1978 3175 si
2029 3107 2446 3194 appellatur
2477 3107 2569 3176 ad
2604 3107 3064 3194 Episcopum
3109 3106 3197 3175 ab

754 3214 1022 3284 iniusta
1070 3234 1209 3284 seu
1257 3234 1509 3284 rerum
1582 3217 1861 3285 veritati
1911 3216 2276 3285 contraria
2341 3216 2658 3304 delegati
2717 3217 3074 3286 sententia
3126 3216 3190 3282 in
3269 3289 3273 3292 ,

754 3343 983 3394 causa
1036 3323 1577 3408 matrimoniali,
1626 3342 1777 3391 non
1812 3327 1925 3392 est
1974 3342 2147 3392 vera
2184 3324 2258 3391 in
2291 3324 2539 3392 stricto
2588 3324 2771 3392 iuris
2818 3341 3052 3392 sensu
3084 3342 3198 3409 ap-

754 3428 1051 3518 pellatio
1111 3431 1205 3499 ad
1267 3430 1733 3518 superiorem
1786 3430 2129 3516 iudicem,
2196 3431 2332 3500 sed
2381 3431 2627 3515 potius
2691 3448 3047 3500 recursus
3107 3428 3195 3497 ad

750 3537 1076 3606 eundem
1126 3537 1440 3607 iudicem
1494 3556 1626 3624 per
1660 3539 1860 3605 viam
1896 3536 2245 3624 querelae
2279 3539 2549 3625 (praec.
2600 3556 2671 3605 n.
2718 3536 2808 3622 4.)
2859 3555 2998 3626 pro
3029 3533 3202 3604 reoi-

750 3642 949 3711 sf'one
995 3644 1439 3729 sententiae;
1493 3650 1565 3712 et
1610 3643 2028 3713 absurdum
2066 3643 2254 3713 foret
2283 3663 2651 3729 asserere,
2687 3661 2919 3730 posse
2955 3642 3201 3712 haberi

750 3750 818 3816 in
858 3749 1524 3819 matrimonialibus
1548 3752 1802 3820 causis
1827 3759 2082 3821 contra
2114 3753 2495 3821 vinculum
2534 3749 2985 3820 matrimonii
3017 3749 3201 3817 duas

754 3854 910 3922 illas
941 3853 1369 3925 conformes
1400 3858 1824 3943 sententias,
1860 3859 1953 3926 de
1978 3859 2254 3945 quibus
2290 3858 2613 3945 loquitur
2639 3857 3007 3927 Benedict.
3037 3854 3202 3923 XIV

750 3966 818 4030 in
870 3964 1112 4031 Const.
1165 3963 1309 4032 Del
1334 3964 1811 4034 miseratione
1858 3969 1901 4050 ἓ
1951 3968 2054 4051 11,
2110 3985 2336 4036 unam
2372 3986 2410 4034 a
2449 3965 2787 4052 delegato
2842 3962 3197 4050 Episcopi,

750 4070 1059 4139 alteram
1105 4071 1204 4139 ab
1250 4073 1414 4157 ipso
1476 4075 1888 4173 EpiscopO,
1933 4083 2286 4162 tanquam
2341 4074 2412 4141 in
2463 4074 2704 4160 primo
2752 4078 2825 4142 et
2870 4071 3200 4142 secundo

754 4178 1267 4248 iurisdictionis
1327 4180 1564 4268 gradu
1630 4181 1981 4268 prolatas,
2044 4200 2371 4268 quarum
2439 4181 2503 4248 vi
2569 4178 2643 4248 in
2701 4184 3076 4267 potestate
3136 4184 3203 4247 et

750 4285 1066 4356 arbitrio
1097 4286 1493 4377 eonicham
1517 4286 1706 4358 foret
1733 4307 1971 4357 nouas
1996 4291 2296 4375 nuptias
2321 4289 2788 4358 contrahere.
2825 4289 2988 4359 Hoc
3010 4289 3202 4357 enim

882 4518 894 4550 ¹
945 4516 1210 4592 Plrhing
1258 4517 1365 4574 lib.
1426 4516 1481 4574 Ι.
1530 4519 1624 4574 tlt.
1679 4512 1788 4573 29.
1840 4517 1918 4574 de
1959 4518 2174 4591 officio
2240 4525 2301 4574 et
2355 4523 2666 4592 potestate
2732 4517 2975 4576 indicis
3035 4517 3197 4574 dele-

750 4618 909 4686 ganti,
954 4633 1020 4670 n.
1076 4613 1228 4673 107.
