3509 5317
1723 485 2079 546 -150-

813 627 876 691 7.
927 623 1042 691 Ad
1115 623 1232 692 ius
1292 621 1660 692 Orientale
1716 622 1920 710 quod
1992 622 2244 692 attinet
2312 659 2358 668 —
2420 642 2455 684 ‹<
2504 621 2820 708 Spiritus
2883 621 3140 709 legum

680 728 1172 816 orientalium,
1236 734 1319 799 ut
1373 730 1895 800 animadvertit
1958 728 2534 816 Papp-Szilagyi,
2585 730 2646 797 is
2693 733 2809 797 est
2857 736 2939 798 ut
2981 747 3147 816 gra-

680 838 977 908 viorum
1028 838 1424 907 criminum
1478 838 1604 922 rei,
1652 839 1848 907 sicut
1902 836 2414 925 coniugicidae
2462 848 2533 906 et
2576 837 2913 924 adulteri,
2964 855 3145 907 cum

683 945 1172 1041 complicibus
1233 946 1562 1015 criminis
1622 962 2018 1031 nunquam
2076 944 2637 1014 matrimonium
2699 944 3146 1014 contrahere

681 1052 1206 1138 admittantur3
1258 1052 1409 1119 imo
1443 1070 1595 1119 non
1642 1056 1933 1121 tantum
1970 1051 2068 1119 ob
2101 1056 2608 1138 perpetratum
2658 1051 2967 1136 crimen,
3006 1050 3146 1120 sed

681 1178 779 1229 ex
829 1159 993 1227 sola
1038 1159 1257 1227 etiarn
1310 1157 1921 1245 praesumptione
1970 1163 2040 1226 et
2085 1157 2660 1244 subsumptione
2704 1156 2800 1226 de
2832 1157 3147 1225 crimine

683 1266 1244 1336 matrimonium
1289 1264 1772 1359 prohibent...
1810 1264 2433 1351 Impedimentum
2482 1276 2735 1332 autem
2783 1262 3146 1332 dirimens

681 1373 1013 1442 criminis
1075 1374 1145 1440 in
1194 1392 1284 1442 eo
1344 1373 1699 1458 consistit,
1749 1373 1809 1442 si
1861 1390 2137 1458 nempe
2184 1371 2452 1440 mulier
2512 1372 2628 1439 vel
2699 1372 2813 1438 vir
2870 1370 3149 1440 adulte-

683 1481 877 1549 rium
927 1481 1356 1566 committat,
1410 1479 1525 1548 vel
1575 1479 2151 1567 coniugicidium
2190 1483 2580 1565 perpetret,
2618 1478 3039 1561 intentione,
3067 1483 3149 1546 ut

684 1588 920 1675 possit
964 1593 1220 1675 postea
1269 1588 1556 1657 nubere
1605 1587 1698 1654 illi
1752 1605 2083 1674 quocum
2122 1586 2266 1655 hoc
2311 1594 2702 1672 peccatum
2750 1586 3146 1654 commisit.

685 1698 848 1778 Quo
896 1697 968 1764 in
1018 1715 1202 1765 casu
1250 1697 1474 1765 huius
1523 1695 1696 1765 mali
1732 1702 1986 1783 partes
2032 1694 2379 1764 consciae
2428 1694 2992 1762 matrimonium
3026 1714 3147 1763 aa·

686 1800 828 1870 lide
875 1799 1059 1873 inire
1108 1803 1308 1871 haud
1359 1806 1679 1889 possunt
1724 1824 1760 1865 »
1802 1800 1845 1868 ¹.

819 1910 1477 1990 Quemadmodum
1529 1926 1709 1998 ergo
1758 1908 2133 1978 Ecclesiae
2185 1909 2448 1979 latinae
2495 1906 2881 1995 disciplina
2917 1908 3148 1995 impe·

685 2018 1101 2085 dimentum
1173 2017 1502 2085 criminis
1569 2016 1667 2085 ad
1715 2023 1958 2086 certas
2029 2016 2406 2086 restrinxit
2475 2034 2563 2084 ac
2629 2016 3152 2085 determinavit

685 2123 1164 2210 conditioneS,
1216 2125 1311 2195 ita
1383 2130 1454 2193 et
1505 2125 1983 2211 quarundam
2057 2122 2524 2192 orientalium
2591 2123 2975 2210 disciplina
3024 2125 3152 2191 Ec-

684 2232 1106 2316 clesiarum,
1157 2250 1371 2300 sacra
1423 2232 1886 2318 approbante
1936 2231 2340 2319 apostolica
2390 2231 2603 2317 Sede,
2653 2231 2747 2300 de
2795 2231 2941 2300 hoc
2988 2250 3149 2301 san·

688 2341 858 2409 civit
925 2340 1478 2425 impedimento.
1529 2339 1667 2423 Sic,
1721 2345 1802 2408 ut
1847 2339 1940 2407 de
1994 2339 2258 2408 ceteris
2327 2339 2588 2408 ritibus
2656 2339 2941 2422 sileam,
2992 2359 3152 2426 pro-

689 2446 1019 2514 vincialis
1053 2446 1573 2514 Ruthenorum
1608 2445 1967 2532 Synodus
2003 2446 2285 2514 statuit:
2340 2466 2375 2508 ‹<
2410 2446 2484 2514 Si
2515 2448 2684 2532 quis
2733 2445 3148 2531 mulierem,

687 2572 1017 2639 quacum
1082 2553 1366 2621 nubere
1426 2553 1599 2637 vult,
1663 2553 1921 2640 polluit
1966 2559 2137 2622 ante
2202 2572 2334 2640 per
2380 2554 2873 2639 adulterium,
2930 2552 3151 2623 fides·

688 2682 834 2750 que
883 2664 1068 2731 inter
1141 2670 1544 2749 utrumque
1594 2661 2011 2730 intercessit
2078 2667 2255 2730 tunc
2301 2662 2657 2748 temporis
2727 2662 2820 2729 de
2867 2667 3156 2730 contra-

689 2771 937 2840 hendo
985 2771 1171 2839 inter
1223 2790 1305 2838 se
1354 2770 1828 2838 matrimonio
1846 2788 1863 2854 ;
1911 2773 2117 2837 -aut
2161 2769 2382 2837 etiam
2434 2770 2505 2835 in
2552 2770 2775 2838 vitam
2825 2767 3156 2839 defuncti

689 2879 1027 2965 coniugis
1060 2877 1334 2964 aliquid
1367 2877 1551 2946 alter
1584 2894 1682 2944 ex
1708 2876 1887 2962 ipsis
1922 2876 2395 2945 machinatus
2428 2881 2558 2962 est,
2585 2877 2814 2945 altero
2851 2879 3151 2959 sciente,

690 2986 1194 3055 consentiente
1258 2982 1377 3051 vel
1439 2982 1875 3052 consulente
1883 3035 2008 3049 ......
2013 3037 2029 3069 ,
2081 2983 2510 3052 nullatenus
2579 2983 3013 3054 admittatur
3059 2983 3155 3054 ad

692 3090 1310 3175 contrabendum,
1363 3091 1502 3158 nisi
1550 3090 2185 3177 dispensationem
2236 3090 2333 3158 ab
2380 3108 2489 3170 e0‚
2540 3109 2582 3158 a
2632 3107 2783 3177 quo
2843 3091 3153 3159 concedi

692 3204 950 3286 potest,
1003 3198 1461 3267 obtinuerit»
1501 3196 1547 3265 ².

826 3304 1305 3373 provincialis
1344 3306 1694 3393 Synodus
1729 3304 2169 3372 Libanensis
2217 3302 2314 3373 ad
2347 3303 2676 3372 tramites
2722 3302 3155 3390 disciplinae

693 3413 1066 3482 Ecclesiae
1118 3413 1380 3482 latinae
1431 3413 1747 3482 breviter
1797 3419 1868 3480 et
1911 3413 2271 3480 concinne
2320 3412 2415 3479 ita
2466 3411 2606 3479 hoc
2668 3411 3153 3497 impedimen·

693 3523 853 3588 tum
888 3520 1236 3588 describit
1267 3526 1337 3588 et
1370 3521 1644 3588 sancit:
1700 3541 1735 3582 «
1772 3520 2086 3589 Sextum
2126 3518 2765 3606 (impedimentum
2796 3517 3153 3588 dt’rimens

693 3628 830 3712 est)
877 3627 1181 3711 crimen,
1233 3628 1420 3695 idest
1488 3626 1935 3695 adulterium
2001 3631 2071 3694 et
2121 3625 2604 3693 homicidium
2675 3644 2814 3694 seu
2884 3625 3151 3694 occisio

695 3735 920 3803 unius
989 3735 1431 3822 coniugum:
1481 3753 1676 3822 quae
1749 3739 1997 3802 tamen
2048 3733 2199 3800 duo
2271 3732 2576 3801 crimina
2628 3751 2779 3800 non
2852 3752 3152 3820 semper

696 3841 1050 3910 dirimunt
1118 3843 1696 3927 matrimonium,
1746 3842 1882 3910 sed
1955 3845 2245 3909 tantum
2315 3841 2388 3907 in
2437 3839 2739 3909 casibus
2793 3840 3153 3928 sequenti·

697 3948 874 4018 bus:
926 3951 993 4017 1⁰
1046 3951 1295 4030 Quum
1366 3969 1406 4018 e
1453 3949 1899 4037 coniugibus
1968 3948 2152 4016 alter
2223 3954 2392 4034 post
2458 3946 2910 4016 adulterium
2980 3965 3150 4041 cum

831 4207 849 4242 ¹
896 4191 1426 4284 Papp-Szilagyi:
1502 4209 1948 4265 Enche'rz‘dion
1995 4210 2098 4264 ias
2142 4208 2479 4264 Ecclesiae
2531 4208 2878 4265 orientalis
2944 4208 3154 4265 catho-

679 4285 867 4360 ‘le'cae
906 4312 1079 4378 [ια’ί.
1128 4304 1188 4361 2.
1235 4305 1273 4379 ἓ
1323 4305 1721 4379 117.‚pay‚q.
1771 4304 2115 4362 461-46‘3.

831 4401 856 4438 2
901 4403 1183 4477 Synodus
1244 4404 1650 4480 provincialis
1711 4404 2140 4462 Ruthenorum
2206 4403 2424 4462 habita
2486 4403 2549 4460 in
2614 4403 2876 4462 ciVitate
2947 4403 3152 4463 Zamo-

698 4500 863 4559 seiae
893 4518 1008 4557 cm.
1054 4500 1251 4566 1720,
1279 4519 1315 4559 a
1345 4502 1658 4561 Benedict.
1694 4502 1848 4561 XIII
1880 4503 2246 4561 confirmata
2274 4505 2339 4561 et
2370 4501 2708 4578 approbata
2748 4505 2944 4561 const.
2996 4502 3151 4575 Apo-

699 4602 970 4659 stolatus
1014 4601 1296 4674 officinm
1330 4601 1429 4660 die
1469 4599 1549 4657 19
1584 4602 1621 4657 Ι
1628 4602 1754 4658 zolii
1793 4600 1989 4659 1724.
2025 4634 2068 4646 —
2090 4619 2244 4676 pay.
2291 4598 2444 4659 109.
2476 4599 2624 4659 edit.
2672 4601 2908 4659 Romae
2953 4598 3146 4658 1838.

1834 4799 1871 4865 μ
