3509 5317
681 587 719 601 ..
742 550 799 617 451
822 589 860 603 ..

156 690 227 761 erit
242 710 292 761 ex
307 691 467 778 partium
485 690 731 780 confessione,
751 694 962 763 dummodo
987 694 1057 764 bae
1072 693 1311 782 exceptiones
1329 693 1391 762 mi

156 796 260 867 nime
284 797 480 887 patiantur,
505 818 554 869 ex
579 800 815 871 documentis
845 801 875 871 si
908 802 1133 889 habeantur,
1163 821 1212 870 ex
1241 801 1388 871 testium

156 901 275 974 fldem
298 908 524 977 merentium
550 907 853 995 depositionibus,
877 927 948 979 nec
971 928 1046 979 non
1070 930 1120 981 ex
1135 909 1277 979 indiciis
1293 929 1390 998 quae

156 1012 273 1082 iudex
296 1013 437 1100 peritus
461 1020 496 1084 et
518 1020 699 1102 expertus
721 1016 908 1088 deducere
932 1018 1064 1107 poterit
1085 1037 1135 1089 ex
1151 1018 1391 1088 circumstan-

157 1121 217 1191 tiis
240 1141 338 1209 quae
361 1119 456 1194 iacta
480 1118 649 1212 exposita
674 1128 739 1194 aut
762 1134 1051 1213 praecesserunt
1072 1131 1137 1196 aut
1165 1124 1391 1201 subsecutae
1430 1209 1432 1212 Α

124 1318 128 1326 Ι
157 1232 257 1300 sunt.
281 1228 339 1299 Ad
364 1229 574 1300 secundum
606 1230 863 1319 probandum,
893 1238 1020 1302 utrum
1052 1231 1220 1302 videlicet
1248 1238 1390 1304 asserta

156 1335 348 1424 sponsalia
374 1335 495 1406 valida
521 1337 657 1408 luerint
687 1326 724 1406 in
760 1356 877 1409 sensu
912 1339 1102 1427 canonico,
1134 1340 1244 1427 plura
1281 1343 1392 1409 erunt

157 1446 292 1516 sedulo
317 1445 594 1534 perpendenda.
619 1450 715 1519 Ante
731 1448 860 1517 omnia
874 1447 989 1518 iudex
1005 1467 1096 1536 prae
1111 1448 1230 1518 oculis
1246 1448 1390 1533 babeat,

157 1553 260 1641 quod
284 1572 335 1624 ex
359 1572 432 1624 usu
456 1561 492 1625 et
514 1555 785 1626 consuetudine
807 1553 885 1625 iere
908 1557 943 1624 in
967 1554 1125 1645 singuiis
1149 1556 1238 1626 locis
1253 1556 1390 1642 specia-

158 1659 215 1729 les
239 1661 385 1753 aliquae
415 1659 559 1732 formae
590 1681 659 1750 pro
688 1663 846 1733 solemni
879 1664 1112 1750 sponsalium
1143 1663 1390 1734 celebratione

158 1766 331 1839 inductae
355 1770 601 1857 reperiuntur,
627 1789 724 1860 quae
747 1771 998 1841 communiter
1029 1776 1065 1842 et
1100 1769 1319 1858 tegulariter
1342 1770 1391 1840 ab

157 1875 336 1945 omnibus
359 1878 503 1947 servari
532 1877 662 1947 solent.
696 1878 823 1968 ltaque
854 1876 1118 1967 inquirendum
1150 1877 1231 1963 erit,
1263 1887 1389 1947 utrum

158 1984 251 2052 istae
274 1982 418 2055 formae
442 1982 586 2073 fuerint,
611 2005 681 2057 nec
703 2005 768 2072 ne,
792 1994 964 2081 servatae
973 2007 982 2074 ;
1012 1988 1043 2056 si
1075 1986 1256 2073 primum,
1289 2002 1391 2072 prae

158 2092 324 2179 sumptio
348 2111 416 2179 pro
441 2093 676 2180 sponsalium
702 2096 829 2164 valore
852 2094 979 2181 aderit
1004 2100 1272 2182 contraquam
1300 2111 1391 2161 nun·

159 2217 278 2287 quam
301 2200 368 2270 erit
391 2201 644 2289 iudicandum,
670 2203 739 2272 nisi
765 2222 814 2275 ex
837 2204 948 2275 certis
970 2209 1007 2275 et
1029 2203 1261 2291 evidentibus
1285 2220 1392 2290 argu·
1426 2282 1431 2289 4

160 2307 295 2376 mentis
318 2307 507 2396 sponsalia
533 2310 679 2382 nulliter
703 2316 890 2382 contracta
914 2310 1031 2384 fuisse
1054 2310 1271 2397 constiterit;
1290 2309 1320 2378 si
1338 2327 1392 2378 se

160 2416 339 2503 cundum,
365 2415 629 2505 inquirendum
655 2420 731 2507 erit,
749 2438 823 2507 qua
840 2421 888 2491 de
901 2438 1016 2489 causa
1034 2424 1237 2488 consuetae
1248 2414 1391 2486 dirmac

158 2521 294 2593 fuerint
317 2525 490 2613 omissae,
516 2530 553 2595 et
577 2537 703 2599 utrum
736 2545 805 2614 pro
836 2545 1103 2616 personarum,
1137 2527 1323 2609 locorum,
1357 2528 1393 2592 et

159 2631 476 2702 consuetudinum
500 2631 788 2706 circumstantiis
811 2633 998 2721 sponsalia
1017 2628 1408 2701 nibilominusvalide.

161 2738 296 2811 luerint
310 2747 508 2829 contracta,
527 2761 571 2811 eo
589 2742 690 2829 quod
710 2743 896 2831 utrimque
913 2742 1086 2812 voluntas
1103 2757 1187 2810 sese
1203 2736 1389 2825 obligandi

161 2867 250 2920 vere
273 2850 530 2936 intercesserit
552 2856 665 2938 atque
687 2851 734 2920 ita
761 2856 800 2920 ut
815 2870 864 2921 ex
887 2852 967 2920 iure
983 2849 1290 2937 impedimentum
1307 2862 1392 2914 con·
1458 2902 1461 2907 .

159 2958 320 3027 stituant.
345 2954 385 3026 ln
410 2959 512 3027 bunc
535 2956 653 3027 finem
677 2962 824 3047 praeter
847 2956 919 3027 alia
942 2954 1202 3045 quaerendum
1226 2956 1291 3035 est
1316 2948 1392 3037 qui·

160 3065 234 3135 bus
258 3065 391 3150 verbis,
417 3065 474 3135 vel
499 3062 605 3135 factis
628 3063 698 3134 sibi
720 3062 887 3135 futurum
912 3064 1191 3133 matrimonium
1214 3057 1391 3146 promise
1428 3122 1431 3127 .

161 3173 249 3259 rint;
276 3178 402 3241 utrum
426 3171 629 3259 promissio
654 3173 703 3241 ab
727 3177 885 3258 utraque
909 3175 1012 3258 parte
1037 3171 1277 3257 processerit3
1301 3176 1337 3238 et
1359 3170 1390 3237 si

161 3281 210 3350 ab
234 3300 307 3351 una
333 3285 489 3368 tantum,
514 3286 638 3350 utrum
664 3280 732 3348 alia
759 3298 842 3348 eam
867 3278 1116 3365 acceptaverit
1137 3277 1216 3345 sive
1253 3277 1388 3364 verbis

161 3387 240 3456 sive
264 3384 378 3467 lactis,
402 3387 482 3456 sive
505 3387 622 3477 signis
645 3384 980 3473 aequivalentibus3
1005 3392 1133 3453 utrum
1157 3389 1241 3470 post
1263 3384 1389 3452 datam

160 3496 448 3581 promissionem
474 3494 658 3583 praetensi
682 3492 812 3581 sponsi
835 3492 1088 3575 reputaverint
1102 3510 1187 3560 sese
1204 3492 1390 3560 matrimo

162 3602 223 3671 nio
247 3602 502 3671 contrahendo
527 3601 718 3691 obligatos
744 3618 792 3669 an
817 3600 964 3670 liberos.
988 3601 1064 3669 Erit
1096 3618 1246 3687 quoque
1277 3599 1391 3687 inqui-

162 3711 320 3781 rendum
345 3713 393 3781 de
417 3715 646 3798 sponsorum
671 3709 890 3795 conditione,
917 3713 1043 3778 utrum
1067 3708 1204 3778 scilicet
1238 3728 1281 3778 ea
1309 3707 1391 3778 talis

161 3821 207 3889 sit
232 3824 270 3890 ut
294 3820 485 3908 praesumi
510 3839 586 3890 non
612 3816 729 3906 possit
753 3836 881 3887 veram
900 3818 936 3886 in
954 3818 1044 3904 ipsis
1062 3817 1289 3887 volunlatem
1306 3835 1390 3886 sese

162 3931 293 3996 mutuo
317 3926 505 4015 obligandi
528 3925 702 3997 adfuisse.
1157 3926 1160 3929 ’

228 4038 315 4120 535.
329 4037 520 4116 Quatenus
536 4054 650 4105 casus
666 4035 799 4123 exigat,
816 4034 1079 4122 inquirendum
1097 4032 1208 4101 etiam
1221 4031 1297 4115 erit,
1315 4051 1389 4120 qua

162 4148 280 4214 aetate
305 4141 489 4232 praetensi
516 4143 645 4230 sponsi
670 4141 738 4211 sibi
763 4141 923 4211 invicem
947 4140 1226 4210 matrimonium
1258 4139 1392 4227 promi·

162 4251 285 4320 serint.
309 4250 454 4321 Etenim
479 4249 668 4337 sponsalia
692 4248 741 4317 ab
764 4242 975 4334 infantibus,
1000 4247 1058 4317 vel
1083 4269 1103 4317 a
1135 4248 1265 4317 maiori
1300 4265 1389 4316 cum

163 4356 298 4428 infante
321 4362 518 4443 contracta,
543 4358 624 4445 ipso
648 4358 729 4426 iure
752 4355 852 4426 nulla
876 4363 983 4442 sunt,
1014 4354 1055 4425 et
1079 4354 1388 4441 impedimentum

161 4464 332 4553 publicae
357 4465 562 4535 honestatis
585 4465 738 4553 gignere
761 4473 836 4531 non
862 4463 994 4534 valent
1021 4465 1144 4544 Quare
1159 4462 1195 4530 in
1214 4462 1389 4531 boceasu

161 4570 425 4659 inquirendum
449 4571 517 4641 erit
538 4570 585 4641 de
601 4576 719 4641 aetate
743 4570 903 4658 legitima
928 4588 1071 4658 eorum,
1088 4589 1110 4639 a
1127 4569 1266 4658 quibus
1281 4587 1400 4661 spon·v

161 4677 253 4748 salia
275 4674 426 4747 fuerunt
449 4684 648 4765 contracta
673 4679 773 4767 quod
798 4676 902 4748 facile
926 4675 991 4747 flet
1013 4677 1133 4767 petitis
1156 4677 1410 4747 documentis·
