3509 5317
220 682 273 749 18.
299 680 460 750 Solidior
483 685 609 751 autem
642 689 722 753 erat
745 684 921 756 diluenda
953 687 1047 755 ratio
1072 705 1140 756 seu
1176 686 1387 775 difficultas,

154 806 270 875 quam
294 790 504 859 contrariae
526 791 730 861 sententiae
746 794 894 879 patroni
911 794 1100 863 ducebant
1123 812 1172 862 ex
1196 797 1303 881 praxi
1321 797 1388 864 Ec·

155 895 299 981 etesiae,
324 895 568 983 quaesierim
603 898 714 968 etiam
749 901 987 971 matrimonia
1018 920 1159 970 sanare
1191 901 1228 969 in
1259 901 1388 972 radice

153 1004 257 1073 solet.
281 1005 391 1074 -Cui
417 1003 621 1074 difficultati
650 1008 939 1095 respondebant,
963 1009 1271 1098 distinguendum
1300 1029 1386 1080 esse

152 1115 248 1181 inter
270 1112 487 1201 generalem
511 1114 680 1203 regulam
706 1119 741 1183 et
756 1134 870 1185 casus
887 1116 1129 1203 particulares
1145 1116 1180 1185 in
1198 1118 1386 1186 eiusmodi

153 1221 342 1293 Ecclesiae
365 1222 483 1308 praxi.
518 1224 576 1291 Ex
599 1223 763 1309 generali
799 1224 929 1311 regula
953 1224 1098 1293 sanatio
1122 1225 1157 1292 in
1183 1225 1309 1295 radice
1333 1245 1385 1296 re

153 1330 274 1418 quirit
300 1333 340 1399 ut
363 1329 644 1399 matrimonium
667 1331 882 1400 sanandum
896 1333 936 1422 '1⁰
952 1332 1204 1420 extrinsecam
1220 1333 1385 1418 speciem

154 1434 384 1524 praeseferat
405 1433 495 1504 iusti
523 1435 767 1522 matrimonii,
800 1439 836 1506 2⁰
861 1438 909 1509 sit
930 1446 1056 1509 tamen
1079 1438 1224 1507 nullum
1250 1439 1300 1508 ob
1324 1438 1388 1507 im·

155 1543 412 1629 pedimentum
435 1540 529 1611 ieris
552 1562 654 1613 mere
677 1543 925 1630 ecelesiastici,
951 1546 998 1614 3⁰.
1030 1544 1168 1632 copula
1183 1565 1259 1614 non
1276 1543 1389 1616 tuerit

154 1649 352 1739 manifeste
368 1647 585 1738 fornicarie
601 1652 623 1719 ¹.
640 1690 661 1701 -
686 1654 964 1723 Matrimonium
991 1673 1104 1741 porro
1127 1655 1244 1740 civile,
1273 1663 1388 1743 prout

155 1765 219 1846 est,
245 1758 386 1827 nedum
409 1760 573 1846 speciem
598 1778 673 1827 non
698 1762 868 1847 perhibet
882 1759 972 1830 iusti
987 1759 1228 1847 matrimonii,
1253 1763 1320 1831 sed
1338 1764 1387 1831 in·

155 1886 272 1956 super
294 1867 430 1952 copule
453 1866 755 1957 manifestissime
776 1865 989 1956 fornicaria
1012 1874 1078 1955 est
1095 1887 1184 1938 cum
1200 1866 1405 1940 eiusmodi

154 1977 365 2046 coniunctio
389 1976 576 2047 declarata
599 1975 707 2046 tuerit
731 1977 849 2065 turpis
877 1982 989 2064 etque
1024 1975 1181 2046 exitialis
1215 1978 1388 2046 concubi·

154 2091 277 2155 natus.
301 2085 374 2152 Pro
397 2083 525 2173 regula
553 2085 676 2173 itaque
691 2085 856 2171 generali
873 2083 1073 2153 dicendum
1088 2083 1294 2168 videbatur,
1312 2103 1389 2154 ma·

154 2193 369 2260 trimonium
395 2190 511 2276 eicite,
540 2192 589 2261 uti
613 2192 694 2278 tale,
719 2210 793 2261 non
816 2189 951 2262 seueri
973 2189 1010 2260 in
1026 2188 1165 2260 radice.
1187 2227 1210 2242 -
1234 2190 1275 2257 ln
1292 2193 1386 2260 casi-

155 2300 228 2369 bus
252 2308 377 2369 tamen
401 2300 688 2386 particularibus
712 2300 898 2370 eiusmodi
921 2315 1129 2388 congruere
1154 2307 1315 2384 possunt
1330 2318 1384 2368 re·

155 2426 241 2477 rum
266 2408 450 2494 adiuncta,
475 2409 799 2497 quemadmodum
815 2409 889 2477 sub
903 2407 977 2477 flne
996 2404 1252 2494 praecedentis
1268 2407 1385 2475 seculi

154 2517 305 2602 contigit
318 2518 353 2584 in
371 2516 507 2601 Galliis,
526 2523 563 2586 ut
580 2517 859 2587 matrimonium
877 2518 1059 2588 habeatur
1075 2512 1295 2602 putativum,
1309 2533 1386 2601 quo

154 2626 417 2696 contrahentes
441 2624 668 2696 elementum
693 2625 873 2714 naturale,
900 2632 1074 2720 mutuum
1100 2646 1237 2715 nempe
1253 2626 1387 2697 detine

155 2738 358 2820 ratumque
385 2752 613 2804 consensum
639 2740 800 2821 ponant;
836 2753 912 2822 quo
936 2736 1073 2822 posito,
1106 2737 1137 2804 si
1169 2737 1218 2805 ob
1248 2754 1387 2824 graves

154 2859 253 2929 quae
277 2846 436 2929 urgeant
457 2860 605 2929 causas,
630 2847 666 2910 et
687 2847 831 2911 constet
854 2842 902 2910 de
926 2844 1203 2928 perseverantia
1227 2860 1385 2911 consen·

154 2967 224 3018 sus
248 2946 261 2983 ²
286 2948 469 3018 Summus
494 2948 662 3019 Pontifex
686 2948 903 3021 tridentinae
926 2952 1081 3035 deroget
1103 2949 1185 3038 legi,
1202 2955 1290 3019 tunc
1317 2948 1387 3019 ele·

154 3063 326 3126 mentum
351 3056 439 3125 illud
464 3057 643 3144 naturale,
668 3058 770 3145 quod
796 3077 862 3144 per
886 3077 929 3127 se
960 3057 1098 3156 nullius
1133 3063 1212 3129 erat
1248 3059 1387 3128 valoris

154 3168 233 3232 tum
259 3164 309 3232 ob
332 3163 567 3234 tridentinam
593 3165 714 3252 legem
738 3165 991 3235 clandestinas
1003 3165 1207 3234 irritantem
1224 3165 1383 3252 nuptiae,

153 3271 232 3342 turn
259 3270 344 3358 quia
370 3271 443 3339 sub
466 3271 582 3340 civilis
606 3271 830 3341 matrimonii
853 3270 974 3341 torma
999 3271 1048 3340 ab
1083 3270 1246 3340 Ecclesia
1283 3271 1386 3340 nullo

154 3384 264 3467 pacto
288 3380 575 3468 recognoscitur,
599 3385 698 3466 tunc,
722 3380 889 3468 inquam,
914 3380 1141 3448 elementum
1165 3378 1255 3447 illud
1280 3385 1387 3449 natu·

97 3501 101 3506 ’
154 3489 233 3558 rale
255 3507 348 3557 suas
371 3488 488 3558 exerit
511 3489 631 3575 vires;
649 3493 684 3558 et
698 3487 730 3557 si
746 3487 903 3557 effectus
920 3486 1032 3555 huius
1048 3486 1299 3574 derogationis
1316 3503 1385 3554 seu

154 3596 443 3683 dispensationis
467 3596 723 3666 retrotrahitur
742 3596 792 3670 ,ad
818 3595 960 3663 initium
997 3586 1124 3664 emissi
1160 3611 1386 3681 consensus,

153 3702 293 3771 scilicet
318 3721 427 3770 «non
451 3722 543 3774 sane
566 3703 713 3792 agendo
739 3708 779 3772 ut
802 3701 1082 3771 matrimonium
1119 3700 1266 3770 nulliter
1300 3720 1387 3771 con·

153 3812 325 3894 tractum,
351 3826 426 3877 non
451 3810 499 3878 ita
521 3813 755 3879 contractum
778 3808 909 3894 tuerit3
935 3808 1003 3877 sed
1028 3806 1184 3877 effectus
1219 3807 1303 3876 illos
1338 3807 1386 3877 de

156 3915 280 3983 medio
304 3915 476 4002 tollendo,
494 3916 563 4003 ‘qui
588 3917 638 3985 ob
667 3916 883 3985 huiusmodi
920 3915 1143 3984 matrimonii
1180 3914 1385 3985 nullitatem

154 4021 265 4107 (etin
288 4042 380 4092 cusu
403 4020 449 4091 ob
472 4023 615 4092 nutlrrm
639 4023 827 4093 nutriretis
850 4021 1022 4092 elementi
1055 4021 1262 4108 calorem),
1301 4027 1387 4092 ante

154 4131 336 4201 indultam
360 4130 686 4217 dispensationem,
704 4150 748 4200 ac
764 4131 875 4202 etiam
892 4133 929 4199 in
946 4132 1027 4218 ipso
1045 4129 1288 4200 contrahendi
1307 4148 1385 4200 ma·

154 4237 316 4307 trimonii
340 4242 425 4306 actu
448 4236 530 4321 (sub
554 4236 655 4307 dictu
678 4255 752 4306 non
775 4234 907 4326 agnita
922 4234 1071 4325 formu)
1107 4235 1275 4323 producti
1311 4232 1389 4304 iue-

222 4485 232 4523 ¹
255 4484 441 4546 Benedictus
460 4486 535 4546 XIV
557 4485 597 4545 de
620 4484 750 4559 syuodo
773 4485 827 4541 tib.
856 4482 909 4542 13.
934 4501 1007 4557 cop.
1031 4485 1089 4543 21.
1116 4502 1149 4541 u.
1177 4482 1208 4541 7.

219 4579 343 4640 'Hanc
364 4596 527 4639 consensus
546 4579 813 4657 perseverentiam
843 4578 875 4636 S.
900 4576 1149 4637 Poenitenttaria
1176 4575 1208 4634 in
1237 4573 1386 4634 eiusmodi

154 4676 435 4755 dispensationibus
455 4677 558 4737 sedulo
580 4676 725 4736 attendit.
