<?xml version="1.0" encoding="UTF-8"?>
<!DOCTYPE html PUBLIC "-//W3C//DTD XHTML 1.0 Transitional//EN"
    "http://www.w3.org/TR/xhtml1/DTD/xhtml1-transitional.dtd">
<html xmlns="http://www.w3.org/1999/xhtml" xml:lang="en" lang="en">
 <head>
  <title>
</title>
<meta http-equiv="Content-Type" content="text/html;charset=utf-8" />
  <meta name='ocr-system' content='tesseract 3.04.00' />
  <meta name='ocr-capabilities' content='ocr_page ocr_carea ocr_par ocr_line ocrx_word'/>
</head>
<body>
  <div class='ocr_page' id='page_1' title='image "./decausismatrimo00mansgoog_0062.png"; bbox 0 0 3509 5317; ppageno 0'>
   <div class='ocr_carea' id='block_1_1' title="bbox 1780 502 2097 560">
    <p class='ocr_par' dir='ltr' id='par_1_1' title="bbox 1780 502 2097 560">
     <span class='ocr_line' id='line_1_1' title="bbox 1780 502 2097 560; baseline 0.006 -14"><span class='ocrx_word' id='word_1_1' title='bbox 1780 502 2097 560; x_wconf 81' lang='lat'><strong><em>-48—</em></strong></span> 
     </span>
    </p>
   </div>
   <div class='ocr_carea' id='block_1_2' title="bbox 602 636 3168 3627">
    <p class='ocr_par' dir='ltr' id='par_1_2' title="bbox 709 636 3168 1264">
     <span class='ocr_line' id='line_1_2' title="bbox 709 636 3168 728; baseline -0.001 -21"><span class='ocrx_word' id='word_1_2' title='bbox 709 645 1012 728; x_wconf 63' lang='lat' dir='ltr'>vrmstat,</span> <span class='ocrx_word' id='word_1_3' title='bbox 1062 658 1363 727; x_wconf 89' lang='lat' dir='ltr'>semper</span> <span class='ocrx_word' id='word_1_4' title='bbox 1410 637 2054 725; x_wconf 88' lang='lat' dir='ltr'>praesumendum</span> <span class='ocrx_word' id='word_1_5' title='bbox 2102 642 2217 707; x_wconf 89' lang='lat' dir='ltr'>est</span> <span class='ocrx_word' id='word_1_6' title='bbox 2246 656 2384 724; x_wconf 90' lang='lat' dir='ltr'>pro</span> <span class='ocrx_word' id='word_1_7' title='bbox 2435 636 2969 724; x_wconf 89' lang='lat' dir='ltr'>impedimento</span> <span class='ocrx_word' id='word_1_8' title='bbox 3000 654 3168 706; x_wconf 91' lang='lat' dir='ltr'>con·</span> 
     </span>
     <span class='ocr_line' id='line_1_3' title="bbox 713 742 3160 833; baseline -0.001 -18"><span class='ocrx_word' id='word_1_9' title='bbox 713 754 959 818; x_wconf 71' lang='lat' dir='ltr'>[racto.</span> <span class='ocrx_word' id='word_1_10' title='bbox 1006 786 1053 795; x_wconf 95' lang='lat'><em>-</em></span> <span class='ocrx_word' id='word_1_11' title='bbox 1098 747 1301 816; x_wconf 84' lang='lat' dir='ltr'><strong>Idem</strong></span> <span class='ocrx_word' id='word_1_12' title='bbox 1352 746 2001 833; x_wconf 82' lang='lat' dir='ltr'>praesumendum</span> <span class='ocrx_word' id='word_1_13' title='bbox 2047 745 2268 814; x_wconf 89' lang='lat' dir='ltr'>etiam</span> <span class='ocrx_word' id='word_1_14' title='bbox 2319 744 2391 813; x_wconf 89' lang='lat' dir='ltr'>in</span> <span class='ocrx_word' id='word_1_15' title='bbox 2426 743 2612 833; x_wconf 70' lang='lat' dir='ltr'>foro</span> <span class='ocrx_word' id='word_1_16' title='bbox 2644 742 2937 813; x_wconf 70' lang='lat' dir='ltr'>interno</span> <span class='ocrx_word' id='word_1_17' title='bbox 2986 763 3160 814; x_wconf 90' lang='lat' dir='ltr'>cum</span> 
     </span>
     <span class='ocr_line' id='line_1_4' title="bbox 709 851 3161 943; baseline -0.002 -20"><span class='ocrx_word' id='word_1_18' title='bbox 709 859 801 927; x_wconf 66' lang='lat' dir='ltr'>ale</span> <span class='ocrx_word' id='word_1_19' title='bbox 847 855 1189 943; x_wconf 85' lang='lat' dir='ltr'>opposito</span> <span class='ocrx_word' id='word_1_20' title='bbox 1239 871 1386 921; x_wconf 92' lang='lat' dir='ltr'>non</span> <span class='ocrx_word' id='word_1_21' title='bbox 1438 858 1747 938; x_wconf 87' lang='lat' dir='ltr'>constat,</span> <span class='ocrx_word' id='word_1_22' title='bbox 1799 853 1972 940; x_wconf 86' lang='lat' dir='ltr'>quia</span> <span class='ocrx_word' id='word_1_23' title='bbox 2019 853 2428 940; x_wconf 90' lang='lat' dir='ltr'>prudenter</span> <span class='ocrx_word' id='word_1_24' title='bbox 2475 852 2830 921; x_wconf 89' lang='lat' dir='ltr'>iudicium</span> <span class='ocrx_word' id='word_1_25' title='bbox 2878 851 3161 921; x_wconf 84' lang='lat' dir='ltr'>elicitur</span> 
     </span>
     <span class='ocr_line' id='line_1_5' title="bbox 709 960 3163 1047; baseline 0.001 -21"><span class='ocrx_word' id='word_1_26' title='bbox 709 987 805 1031; x_wconf 55' lang='lat' dir='ltr'>vx</span> <span class='ocrx_word' id='word_1_27' title='bbox 851 961 1348 1032; x_wconf 90' lang='lat' dir='ltr'>communiter</span> <span class='ocrx_word' id='word_1_28' title='bbox 1381 960 1997 1047; x_wconf 69' lang='lat' dir='ltr'>contingentibus</span> <span class='ocrx_word' id='word_1_29' title='bbox 2048 960 2319 1029; x_wconf 77' lang='lat' dir='ltr'>Contra</span> <span class='ocrx_word' id='word_1_30' title='bbox 2366 960 2427 1028; x_wconf 89' lang='lat' dir='ltr'>si</span> <span class='ocrx_word' id='word_1_31' title='bbox 2477 964 2679 1029; x_wconf 91' lang='lat' dir='ltr'>certo</span> <span class='ocrx_word' id='word_1_32' title='bbox 2712 962 3023 1045; x_wconf 85' lang='lat' dir='ltr'>constet,</span> <span class='ocrx_word' id='word_1_33' title='bbox 3057 977 3163 1028; x_wconf 89' lang='lat' dir='ltr'>se·</span> 
     </span>
     <span class='ocr_line' id='line_1_6' title="bbox 713 1065 3163 1154; baseline -0.001 -19"><span class='ocrx_word' id='word_1_34' title='bbox 713 1069 1188 1141; x_wconf 71' lang='lat' dir='ltr'>minationem</span> <span class='ocrx_word' id='word_1_35' title='bbox 1238 1067 1585 1137; x_wconf 86' lang='lat' dir='ltr'>alterutra</span> <span class='ocrx_word' id='word_1_36' title='bbox 1638 1085 1737 1136; x_wconf 88' lang='lat' dir='ltr'>ex</span> <span class='ocrx_word' id='word_1_37' title='bbox 1788 1071 1992 1154; x_wconf 86' lang='lat' dir='ltr'>parte</span> <span class='ocrx_word' id='word_1_38' title='bbox 2041 1085 2190 1135; x_wconf 92' lang='lat' dir='ltr'>non</span> <span class='ocrx_word' id='word_1_39' title='bbox 2254 1084 2426 1136; x_wconf 88' lang='lat' dir='ltr'>esse</span> <span class='ocrx_word' id='word_1_40' title='bbox 2495 1072 2860 1151; x_wconf 88' lang='lat' dir='ltr'>secutam,</span> <span class='ocrx_word' id='word_1_41' title='bbox 2910 1065 3163 1152; x_wconf 87' lang='lat' dir='ltr'>nequit</span> 
     </span>
     <span class='ocr_line' id='line_1_7' title="bbox 713 1170 3058 1264; baseline -0.002 -21"><span class='ocrx_word' id='word_1_42' title='bbox 713 1183 773 1243; x_wconf 80' lang='lat' dir='ltr'>&#39;m</span> <span class='ocrx_word' id='word_1_43' title='bbox 813 1175 996 1264; x_wconf 72' lang='lat' dir='ltr'>foro</span> <span class='ocrx_word' id='word_1_44' title='bbox 1042 1172 1529 1244; x_wconf 74' lang='lat' dir='ltr'>conscienciae</span> <span class='ocrx_word' id='word_1_45' title='bbox 1597 1192 1736 1261; x_wconf 93' lang='lat' dir='ltr'>pro</span> <span class='ocrx_word' id='word_1_46' title='bbox 1802 1174 2333 1260; x_wconf 85' lang='lat' dir='ltr'>impedimento</span> <span class='ocrx_word' id='word_1_47' title='bbox 2395 1171 2755 1242; x_wconf 86' lang='lat' dir='ltr'>sententia</span> <span class='ocrx_word' id='word_1_48' title='bbox 2804 1170 2980 1241; x_wconf 87' lang='lat' dir='ltr'>ferri</span> <span class='ocrx_word' id='word_1_49' title='bbox 3015 1170 3058 1238; x_wconf 78' lang='lat'>².</span> 
     </span>
    </p>

    <p class='ocr_par' dir='ltr' id='par_1_3' title="bbox 705 1278 3162 1905">
     <span class='ocr_line' id='line_1_8' title="bbox 834 1278 3159 1351; baseline -0.003 0"><span class='ocrx_word' id='word_1_50' title='bbox 834 1286 897 1351; x_wconf 91' lang='lat'>7.</span> <span class='ocrx_word' id='word_1_51' title='bbox 945 1281 1063 1351; x_wconf 92' lang='lat' dir='ltr'>Ad</span> <span class='ocrx_word' id='word_1_52' title='bbox 1111 1280 1539 1351; x_wconf 82' lang='lat' dir='ltr'>affinitatem</span> <span class='ocrx_word' id='word_1_53' title='bbox 1590 1287 1841 1351; x_wconf 87' lang='lat' dir='ltr'>autem</span> <span class='ocrx_word' id='word_1_54' title='bbox 1892 1279 2481 1350; x_wconf 86' lang='lat' dir='ltr'>contrahendam</span> <span class='ocrx_word' id='word_1_55' title='bbox 2521 1278 2696 1347; x_wconf 86' lang='lat' dir='ltr'>nihil</span> <span class='ocrx_word' id='word_1_56' title='bbox 2727 1278 3035 1348; x_wconf 89' lang='lat' dir='ltr'>interest</span> <span class='ocrx_word' id='word_1_57' title='bbox 3064 1296 3159 1346; x_wconf 89' lang='lat' dir='ltr'>an</span> 
     </span>
     <span class='ocr_line' id='line_1_9' title="bbox 709 1387 3162 1477; baseline -0.002 -18"><span class='ocrx_word' id='word_1_58' title='bbox 709 1410 1027 1475; x_wconf 63' lang='lat' dir='ltr'>persona</span> <span class='ocrx_word' id='word_1_59' title='bbox 1074 1391 1537 1460; x_wconf 74' lang='lat' dir='ltr'>consenserit</span> <span class='ocrx_word' id='word_1_60' title='bbox 1597 1389 1935 1477; x_wconf 83' lang='lat' dir='ltr'>copulae,</span> <span class='ocrx_word' id='word_1_61' title='bbox 2008 1389 2121 1456; x_wconf 88' lang='lat' dir='ltr'>vel</span> <span class='ocrx_word' id='word_1_62' title='bbox 2172 1407 2322 1457; x_wconf 89' lang='lat' dir='ltr'>non</span> <span class='ocrx_word' id='word_1_63' title='bbox 2395 1388 2891 1458; x_wconf 77' lang='lat' dir='ltr'>consenserit:</span> <span class='ocrx_word' id='word_1_64' title='bbox 2940 1387 3032 1458; x_wconf 86' lang='lat' dir='ltr'>ita</span> <span class='ocrx_word' id='word_1_65' title='bbox 3086 1393 3162 1454; x_wconf 90' lang='lat' dir='ltr'>ut</span> 
     </span>
     <span class='ocr_line' id='line_1_10' title="bbox 705 1494 3158 1583; baseline -0.002 -16"><span class='ocrx_word' id='word_1_66' title='bbox 705 1499 1023 1567; x_wconf 57' lang='lat' dir='ltr'>affinitas</span> <span class='ocrx_word' id='word_1_67' title='bbox 1069 1498 1350 1567; x_wconf 87' lang='lat' dir='ltr'>oriatur</span> <span class='ocrx_word' id='word_1_68' title='bbox 1397 1517 1495 1567; x_wconf 88' lang='lat' dir='ltr'>ex</span> <span class='ocrx_word' id='word_1_69' title='bbox 1559 1496 1829 1583; x_wconf 91' lang='lat' dir='ltr'>copula</span> <span class='ocrx_word' id='word_1_70' title='bbox 1892 1496 2136 1565; x_wconf 88' lang='lat' dir='ltr'>habita</span> <span class='ocrx_word' id='word_1_71' title='bbox 2173 1514 2372 1572; x_wconf 70' lang='lat' dir='ltr'>‚cum</span> <span class='ocrx_word' id='word_1_72' title='bbox 2438 1495 2871 1580; x_wconf 74' lang='lat' dir='ltr'>dormiente,</span> <span class='ocrx_word' id='word_1_73' title='bbox 2934 1494 3158 1578; x_wconf 85' lang='lat' dir='ltr'>ebria,</span> 
     </span>
     <span class='ocr_line' id='line_1_11' title="bbox 705 1602 3157 1692; baseline 0.003 -26"><span class='ocrx_word' id='word_1_74' title='bbox 705 1610 1016 1691; x_wconf 61' lang='lat' dir='ltr'>umente,</span> <span class='ocrx_word' id='word_1_75' title='bbox 1065 1609 1341 1690; x_wconf 86' lang='lat' dir='ltr'>coacta,</span> <span class='ocrx_word' id='word_1_76' title='bbox 1394 1605 1824 1692; x_wconf 83' lang='lat' dir='ltr'>ignorante:</span> <span class='ocrx_word' id='word_1_77' title='bbox 1876 1604 2051 1691; x_wconf 87' lang='lat' dir='ltr'>quia</span> <span class='ocrx_word' id='word_1_78' title='bbox 2102 1603 2418 1672; x_wconf 85' lang='lat' dir='ltr'>uniones</span> <span class='ocrx_word' id='word_1_79' title='bbox 2465 1602 2834 1671; x_wconf 91' lang='lat' dir='ltr'>eiusmodi</span> <span class='ocrx_word' id='word_1_80' title='bbox 2884 1602 2980 1671; x_wconf 89' lang='lat' dir='ltr'>ad</span> <span class='ocrx_word' id='word_1_81' title='bbox 3037 1621 3157 1690; x_wconf 83' lang='lat' dir='ltr'>ge·</span> 
     </span>
     <span class='ocr_line' id='line_1_12' title="bbox 709 1710 3160 1798; baseline -0 -19"><span class='ocrx_word' id='word_1_82' title='bbox 709 1713 1160 1782; x_wconf 67' lang='lat' dir='ltr'>liei-ationem</span> <span class='ocrx_word' id='word_1_83' title='bbox 1209 1710 1621 1797; x_wconf 83' lang='lat' dir='ltr'>sufficiunt;</span> <span class='ocrx_word' id='word_1_84' title='bbox 1656 1729 1882 1780; x_wconf 91' lang='lat' dir='ltr'>secus</span> <span class='ocrx_word' id='word_1_85' title='bbox 1913 1711 1975 1779; x_wconf 91' lang='lat' dir='ltr'>si</span> <span class='ocrx_word' id='word_1_86' title='bbox 2008 1710 2278 1798; x_wconf 89' lang='lat' dir='ltr'>copula</span> <span class='ocrx_word' id='word_1_87' title='bbox 2312 1710 2715 1779; x_wconf 85' lang='lat' dir='ltr'>haberetur</span> <span class='ocrx_word' id='word_1_88' title='bbox 2758 1728 2935 1779; x_wconf 91' lang='lat' dir='ltr'>cum</span> <span class='ocrx_word' id='word_1_89' title='bbox 2969 1729 3160 1779; x_wconf 89' lang='lat' dir='ltr'>mor-</span> 
     </span>
     <span class='ocr_line' id='line_1_13' title="bbox 705 1813 2723 1905; baseline 0.001 -23"><span class='ocrx_word' id='word_1_90' title='bbox 705 1835 847 1903; x_wconf 72' lang='lat' dir='ltr'>ma,</span> <span class='ocrx_word' id='word_1_91' title='bbox 900 1819 1102 1905; x_wconf 88' lang='lat' dir='ltr'>quod</span> <span class='ocrx_word' id='word_1_92' title='bbox 1150 1819 1350 1887; x_wconf 91' lang='lat' dir='ltr'>idem</span> <span class='ocrx_word' id='word_1_93' title='bbox 1396 1818 1585 1887; x_wconf 86' lang='lat' dir='ltr'>foret</span> <span class='ocrx_word' id='word_1_94' title='bbox 1631 1836 1720 1888; x_wconf 91' lang='lat' dir='ltr'>ac</span> <span class='ocrx_word' id='word_1_95' title='bbox 1771 1817 2172 1887; x_wconf 87' lang='lat' dir='ltr'>haberetur</span> <span class='ocrx_word' id='word_1_96' title='bbox 2204 1835 2381 1887; x_wconf 90' lang='lat' dir='ltr'>cum</span> <span class='ocrx_word' id='word_1_97' title='bbox 2430 1816 2627 1904; x_wconf 84' lang='lat' dir='ltr'>ligno</span> <span class='ocrx_word' id='word_1_98' title='bbox 2677 1813 2723 1883; x_wconf 84' lang='lat'>².</span> 
     </span>
    </p>

    <p class='ocr_par' dir='ltr' id='par_1_4' title="bbox 697 1921 3164 2976">
     <span class='ocr_line' id='line_1_14' title="bbox 830 1921 3157 2011; baseline -0.001 -17"><span class='ocrx_word' id='word_1_99' title='bbox 830 1926 895 1994; x_wconf 90' lang='lat'>8.</span> <span class='ocrx_word' id='word_1_100' title='bbox 948 1924 1406 1995; x_wconf 75' lang='lat' dir='ltr'>Secundum:</span> <span class='ocrx_word' id='word_1_101' title='bbox 1456 1924 2118 2007; x_wconf 80' lang='lat' dir='ltr'>Quemadmodum</span> <span class='ocrx_word' id='word_1_102' title='bbox 2167 1924 2801 2011; x_wconf 81' lang='lat' dir='ltr'>consanguinitaS‚</span> <span class='ocrx_word' id='word_1_103' title='bbox 2835 1924 2930 1993; x_wconf 88' lang='lat' dir='ltr'>ita</span> <span class='ocrx_word' id='word_1_104' title='bbox 2965 1931 3035 1993; x_wconf 88' lang='lat' dir='ltr'>et</span> <span class='ocrx_word' id='word_1_105' title='bbox 3066 1921 3157 1994; x_wconf 87' lang='lat' dir='ltr'>af-</span> 
     </span>
     <span class='ocr_line' id='line_1_15' title="bbox 705 2030 3164 2121; baseline -0 -22"><span class='ocrx_word' id='word_1_106' title='bbox 705 2035 946 2103; x_wconf 69' lang='lat' dir='ltr'>finitas</span> <span class='ocrx_word' id='word_1_107' title='bbox 994 2039 1149 2102; x_wconf 86' lang='lat' dir='ltr'>orta</span> <span class='ocrx_word' id='word_1_108' title='bbox 1202 2052 1298 2101; x_wconf 86' lang='lat' dir='ltr'>ex</span> <span class='ocrx_word' id='word_1_109' title='bbox 1361 2033 1630 2121; x_wconf 89' lang='lat' dir='ltr'>copula</span> <span class='ocrx_word' id='word_1_110' title='bbox 1703 2032 2073 2121; x_wconf 84' lang='lat' dir='ltr'>coniugali</span> <span class='ocrx_word' id='word_1_111' title='bbox 2137 2033 2698 2101; x_wconf 78' lang='lat' dir='ltr'>matrimonium</span> <span class='ocrx_word' id='word_1_112' title='bbox 2761 2030 2940 2099; x_wconf 91' lang='lat' dir='ltr'>olim</span> <span class='ocrx_word' id='word_1_113' title='bbox 3003 2031 3164 2101; x_wconf 92' lang='lat' dir='ltr'>diri-</span> 
     </span>
     <span class='ocr_line' id='line_1_16' title="bbox 705 2136 3162 2229; baseline 0.001 -24"><span class='ocrx_word' id='word_1_114' title='bbox 705 2140 953 2208; x_wconf 70' lang='lat' dir='ltr'>mebat</span> <span class='ocrx_word' id='word_1_115' title='bbox 1002 2159 1244 2227; x_wconf 86' lang='lat' dir='ltr'>usque</span> <span class='ocrx_word' id='word_1_116' title='bbox 1289 2140 1381 2210; x_wconf 86' lang='lat' dir='ltr'>ad</span> <span class='ocrx_word' id='word_1_117' title='bbox 1433 2138 1836 2229; x_wconf 76' lang='lat' dir='ltr'>septimum</span> <span class='ocrx_word' id='word_1_118' title='bbox 1879 2136 2285 2229; x_wconf 44' lang='lat' dir='ltr'>gradum&amp;</span> <span class='ocrx_word' id='word_1_119' title='bbox 2338 2141 2556 2207; x_wconf 92' lang='lat' dir='ltr'>Nunc</span> <span class='ocrx_word' id='word_1_120' title='bbox 2608 2144 2880 2226; x_wconf 87' lang='lat' dir='ltr'>autem,</span> <span class='ocrx_word' id='word_1_121' title='bbox 2938 2138 3162 2207; x_wconf 93' lang='lat' dir='ltr'>eccle-</span> 
     </span>
     <span class='ocr_line' id='line_1_17' title="bbox 705 2244 3157 2333; baseline 0.004 -26"><span class='ocrx_word' id='word_1_122' title='bbox 705 2247 968 2315; x_wconf 46' lang='lat' dir='ltr'>siastici</span> <span class='ocrx_word' id='word_1_123' title='bbox 1019 2247 1401 2317; x_wconf 79' lang='lat' dir='ltr'>sanctione</span> <span class='ocrx_word' id='word_1_124' title='bbox 1449 2248 1651 2333; x_wconf 82' lang='lat' dir='ltr'>iuriS‚</span> <span class='ocrx_word' id='word_1_125' title='bbox 1701 2245 2026 2316; x_wconf 82' lang='lat' dir='ltr'>affinitas</span> <span class='ocrx_word' id='word_1_126' title='bbox 2074 2252 2231 2317; x_wconf 87' lang='lat' dir='ltr'>orta</span> <span class='ocrx_word' id='word_1_127' title='bbox 2283 2266 2382 2316; x_wconf 88' lang='lat' dir='ltr'>ex</span> <span class='ocrx_word' id='word_1_128' title='bbox 2429 2246 2702 2333; x_wconf 85' lang='lat' dir='ltr'>copula</span> <span class='ocrx_word' id='word_1_129' title='bbox 2762 2244 2964 2314; x_wconf 76' lang='lat' dir='ltr'>licita</span> <span class='ocrx_word' id='word_1_130' title='bbox 3013 2265 3157 2316; x_wconf 89' lang='lat' dir='ltr'>ma·</span> 
     </span>
     <span class='ocr_line' id='line_1_18' title="bbox 705 2351 3153 2441; baseline 0 -22"><span class='ocrx_word' id='word_1_131' title='bbox 705 2354 1129 2421; x_wconf 69' lang='lat' dir='ltr'>[timonium</span> <span class='ocrx_word' id='word_1_132' title='bbox 1179 2354 1449 2423; x_wconf 86' lang='lat' dir='ltr'>dirimit</span> <span class='ocrx_word' id='word_1_133' title='bbox 1491 2373 1735 2441; x_wconf 87' lang='lat' dir='ltr'>usque</span> <span class='ocrx_word' id='word_1_134' title='bbox 1785 2354 1880 2423; x_wconf 90' lang='lat' dir='ltr'>ad</span> <span class='ocrx_word' id='word_1_135' title='bbox 1928 2359 2291 2441; x_wconf 70' lang='lat' dir='ltr'>quartam</span> <span class='ocrx_word' id='word_1_136' title='bbox 2334 2352 2665 2441; x_wconf 67' lang='lat' dir='ltr'>pradum</span> <span class='ocrx_word' id='word_1_137' title='bbox 2709 2353 3074 2422; x_wconf 90' lang='lat' dir='ltr'>inclusive</span> <span class='ocrx_word' id='word_1_138' title='bbox 3106 2351 3153 2420; x_wconf 68' lang='lat'>⁸.</span> 
     </span>
     <span class='ocr_line' id='line_1_19' title="bbox 789 2459 3156 2547; baseline -0.001 -18.068"><span class='ocrx_word' id='word_1_139' title='bbox 789 2462 902 2529; x_wconf 84' lang='lat' dir='ltr'>Ex</span> <span class='ocrx_word' id='word_1_140' title='bbox 948 2460 1215 2547; x_wconf 89' lang='lat' dir='ltr'>copula</span> <span class='ocrx_word' id='word_1_141' title='bbox 1264 2466 1517 2532; x_wconf 90' lang='lat' dir='ltr'>autem</span> <span class='ocrx_word' id='word_1_142' title='bbox 1566 2460 1818 2530; x_wconf 76' lang='lat' dir='ltr'>illicita</span> <span class='ocrx_word' id='word_1_143' title='bbox 1865 2459 2191 2531; x_wconf 83' lang='lat' dir='ltr'>affinitas</span> <span class='ocrx_word' id='word_1_144' title='bbox 2238 2461 2416 2530; x_wconf 90' lang='lat' dir='ltr'>olim</span> <span class='ocrx_word' id='word_1_145' title='bbox 2465 2461 2626 2531; x_wconf 92' lang='lat' dir='ltr'>iure</span> <span class='ocrx_word' id='word_1_146' title='bbox 2674 2459 3156 2532; x_wconf 74' lang='lat' dir='ltr'>decretalium</span> 
     </span>
     <span class='ocr_line' id='line_1_20' title="bbox 701 2566 3161 2656; baseline 0.001 -21"><span class='ocrx_word' id='word_1_147' title='bbox 701 2568 1091 2638; x_wconf 71' lang='lat' dir='ltr'>dirimebat</span> <span class='ocrx_word' id='word_1_148' title='bbox 1139 2570 1237 2637; x_wconf 89' lang='lat' dir='ltr'>uti</span> <span class='ocrx_word' id='word_1_149' title='bbox 1297 2587 1395 2636; x_wconf 86' lang='lat' dir='ltr'>ex</span> <span class='ocrx_word' id='word_1_150' title='bbox 1454 2568 1637 2639; x_wconf 91' lang='lat' dir='ltr'>licita</span> <span class='ocrx_word' id='word_1_151' title='bbox 1691 2588 1935 2656; x_wconf 88' lang='lat' dir='ltr'>usque</span> <span class='ocrx_word' id='word_1_152' title='bbox 1979 2567 2078 2636; x_wconf 88' lang='lat' dir='ltr'>ad</span> <span class='ocrx_word' id='word_1_153' title='bbox 2129 2578 2485 2656; x_wconf 86' lang='lat' dir='ltr'>quartum</span> <span class='ocrx_word' id='word_1_154' title='bbox 2550 2567 2872 2655; x_wconf 84' lang='lat' dir='ltr'>gradum</span> <span class='ocrx_word' id='word_1_155' title='bbox 2910 2566 2953 2635; x_wconf 80' lang='lat'>⁵.</span> <span class='ocrx_word' id='word_1_156' title='bbox 3023 2569 3161 2638; x_wconf 89' lang='lat' dir='ltr'>Ve-</span> 
     </span>
     <span class='ocr_line' id='line_1_21' title="bbox 705 2673 3158 2762; baseline 0.001 -23"><span class='ocrx_word' id='word_1_157' title='bbox 705 2693 865 2741; x_wconf 71' lang='lat' dir='ltr'>rum</span> <span class='ocrx_word' id='word_1_158' title='bbox 916 2674 1135 2743; x_wconf 87' lang='lat' dir='ltr'>hodie</span> <span class='ocrx_word' id='word_1_159' title='bbox 1185 2694 1279 2743; x_wconf 86' lang='lat' dir='ltr'>ex</span> <span class='ocrx_word' id='word_1_160' title='bbox 1330 2677 1744 2745; x_wconf 90' lang='lat' dir='ltr'>novissimo</span> <span class='ocrx_word' id='word_1_161' title='bbox 1779 2673 2183 2745; x_wconf 75' lang='lat' dir='ltr'>Tridentini</span> <span class='ocrx_word' id='word_1_162' title='bbox 2218 2676 2376 2745; x_wconf 94' lang='lat' dir='ltr'>iure</span> <span class='ocrx_word' id='word_1_163' title='bbox 2409 2675 3032 2762; x_wconf 89' lang='lat' dir='ltr'>impedimentum</span> <span class='ocrx_word' id='word_1_164' title='bbox 3064 2673 3158 2744; x_wconf 85' lang='lat' dir='ltr'>af-</span> 
     </span>
     <span class='ocr_line' id='line_1_22' title="bbox 701 2781 3155 2868; baseline 0.001 -21"><span class='ocrx_word' id='word_1_165' title='bbox 701 2782 992 2850; x_wconf 78' lang='lat' dir='ltr'>linitatis</span> <span class='ocrx_word' id='word_1_166' title='bbox 1040 2800 1139 2850; x_wconf 87' lang='lat' dir='ltr'>ex</span> <span class='ocrx_word' id='word_1_167' title='bbox 1185 2782 1454 2868; x_wconf 91' lang='lat' dir='ltr'>copula</span> <span class='ocrx_word' id='word_1_168' title='bbox 1502 2781 1896 2852; x_wconf 85' lang='lat' dir='ltr'>fornicaria</span> <span class='ocrx_word' id='word_1_169' title='bbox 1946 2801 2083 2852; x_wconf 91' lang='lat' dir='ltr'>seu</span> <span class='ocrx_word' id='word_1_170' title='bbox 2132 2781 2371 2852; x_wconf 88' lang='lat' dir='ltr'>illicita</span> <span class='ocrx_word' id='word_1_171' title='bbox 2422 2781 2840 2851; x_wconf 88' lang='lat' dir='ltr'>restrictum</span> <span class='ocrx_word' id='word_1_172' title='bbox 2892 2787 3008 2852; x_wconf 91' lang='lat' dir='ltr'>est</span> <span class='ocrx_word' id='word_1_173' title='bbox 3058 2782 3155 2851; x_wconf 87' lang='lat' dir='ltr'>ad</span> 
     </span>
     <span class='ocr_line' id='line_1_23' title="bbox 697 2886 1977 2976; baseline 0.002 -21"><span class='ocrx_word' id='word_1_174' title='bbox 697 2886 1100 2955; x_wconf 43' lang='lat' dir='ltr'>arvandum</span> <span class='ocrx_word' id='word_1_175' title='bbox 1142 2888 1474 2976; x_wconf 60' lang='lat' dir='ltr'>pradum</span> <span class='ocrx_word' id='word_1_176' title='bbox 1524 2889 1883 2959; x_wconf 90' lang='lat' dir='ltr'>inclusive</span> <span class='ocrx_word' id='word_1_177' title='bbox 1932 2886 1977 2957; x_wconf 84' lang='lat'>⁶.</span> 
     </span>
    </p>

    <p class='ocr_par' dir='ltr' id='par_1_5' title="bbox 602 2993 3154 3627">
     <span class='ocr_line' id='line_1_24' title="bbox 825 2993 3151 3083; baseline 0 -21"><span class='ocrx_word' id='word_1_178' title='bbox 825 2997 886 3063; x_wconf 90' lang='lat'>9.</span> <span class='ocrx_word' id='word_1_179' title='bbox 935 2993 1282 3065; x_wconf 81' lang='lat' dir='ltr'>Affinitas</span> <span class='ocrx_word' id='word_1_180' title='bbox 1328 3015 1427 3065; x_wconf 86' lang='lat' dir='ltr'>ex</span> <span class='ocrx_word' id='word_1_181' title='bbox 1473 2996 1744 3083; x_wconf 89' lang='lat' dir='ltr'>copula</span> <span class='ocrx_word' id='word_1_182' title='bbox 1808 2996 2046 3067; x_wconf 88' lang='lat' dir='ltr'>illicita</span> <span class='ocrx_word' id='word_1_183' title='bbox 2122 2997 2219 3065; x_wconf 88' lang='lat' dir='ltr'>ob</span> <span class='ocrx_word' id='word_1_184' title='bbox 2281 2996 2600 3066; x_wconf 87' lang='lat' dir='ltr'>eandem</span> <span class='ocrx_word' id='word_1_185' title='bbox 2665 2996 3033 3065; x_wconf 89' lang='lat' dir='ltr'>rationem</span> <span class='ocrx_word' id='word_1_186' title='bbox 3079 2999 3151 3064; x_wconf 85' lang='lat' dir='ltr'>et</span> 
     </span>
     <span class='ocr_line' id='line_1_25' title="bbox 697 3102 3152 3191; baseline 0.001 -24"><span class='ocrx_word' id='word_1_187' title='bbox 697 3103 878 3169; x_wconf 73' lang='lat' dir='ltr'>intra</span> <span class='ocrx_word' id='word_1_188' title='bbox 929 3102 1257 3171; x_wconf 90' lang='lat' dir='ltr'>eundem</span> <span class='ocrx_word' id='word_1_189' title='bbox 1305 3103 1730 3172; x_wconf 90' lang='lat' dir='ltr'>secundum</span> <span class='ocrx_word' id='word_1_190' title='bbox 1781 3102 2106 3191; x_wconf 84' lang='lat' dir='ltr'>gradum</span> <span class='ocrx_word' id='word_1_191' title='bbox 2153 3104 2250 3171; x_wconf 88' lang='lat' dir='ltr'>ob</span> <span class='ocrx_word' id='word_1_192' title='bbox 2300 3121 2531 3190; x_wconf 87' lang='lat' dir='ltr'>quam</span> <span class='ocrx_word' id='word_1_193' title='bbox 2595 3107 2666 3171; x_wconf 93' lang='lat' dir='ltr'>et</span> <span class='ocrx_word' id='word_1_194' title='bbox 2726 3103 2799 3171; x_wconf 92' lang='lat' dir='ltr'>in</span> <span class='ocrx_word' id='word_1_195' title='bbox 2858 3121 3009 3189; x_wconf 88' lang='lat' dir='ltr'>quo</span> <span class='ocrx_word' id='word_1_196' title='bbox 3058 3102 3152 3171; x_wconf 93' lang='lat' dir='ltr'>di-</span> 
     </span>
     <span class='ocr_line' id='line_1_26' title="bbox 697 3208 3143 3299; baseline 0.003 -29"><span class='ocrx_word' id='word_1_197' title='bbox 697 3208 883 3276; x_wconf 66' lang='lat' dir='ltr'>rimit</span> <span class='ocrx_word' id='word_1_198' title='bbox 929 3210 1512 3296; x_wconf 89' lang='lat' dir='ltr'>matrimonium,</span> <span class='ocrx_word' id='word_1_199' title='bbox 1561 3208 1847 3279; x_wconf 70' lang='lat' dir='ltr'>dirimit</span> <span class='ocrx_word' id='word_1_200' title='bbox 1893 3209 2121 3279; x_wconf 76' lang='lat' dir='ltr'>etiam</span> <span class='ocrx_word' id='word_1_201' title='bbox 2184 3208 2570 3299; x_wconf 79' lang='lat' dir='ltr'>sponsalia</span> <span class='ocrx_word' id='word_1_202' title='bbox 2632 3209 3143 3278; x_wconf 86' lang='lat' dir='ltr'>contrahenda</span> 
     </span>
     <span class='ocr_line' id='line_1_27' title="bbox 697 3314 3151 3405; baseline 0.002 -26"><span class='ocrx_word' id='word_1_203' title='bbox 697 3315 805 3383; x_wconf 61' lang='lat' dir='ltr'>*rel</span> <span class='ocrx_word' id='word_1_204' title='bbox 868 3321 1243 3385; x_wconf 88' lang='lat' dir='ltr'>contracta</span> <span class='ocrx_word' id='word_1_205' title='bbox 1308 3317 1400 3385; x_wconf 88' lang='lat' dir='ltr'>de</span> <span class='ocrx_word' id='word_1_206' title='bbox 1456 3315 1705 3387; x_wconf 82' lang='lat' dir='ltr'>futuro</span> <span class='ocrx_word' id='word_1_207' title='bbox 1759 3318 1802 3384; x_wconf 83' lang='lat'>⁷.</span> <span class='ocrx_word' id='word_1_208' title='bbox 1889 3318 2280 3405; x_wconf 88' lang='lat' dir='ltr'>Sponsalia</span> <span class='ocrx_word' id='word_1_209' title='bbox 2349 3334 2679 3404; x_wconf 86' lang='lat' dir='ltr'>namque</span> <span class='ocrx_word' id='word_1_210' title='bbox 2749 3314 2843 3384; x_wconf 92' lang='lat' dir='ltr'>de</span> <span class='ocrx_word' id='word_1_211' title='bbox 2903 3314 3151 3385; x_wconf 87' lang='lat' dir='ltr'>futuro</span> 
     </span>
     <span class='ocr_line' id='line_1_28' title="bbox 693 3420 3154 3512; baseline 0.003 -28"><span class='ocrx_word' id='word_1_212' title='bbox 693 3427 865 3490; x_wconf 44' lang='lat' dir='ltr'>aunt</span> <span class='ocrx_word' id='word_1_213' title='bbox 909 3420 1333 3493; x_wconf 83' lang='lat' dir='ltr'>futurarum</span> <span class='ocrx_word' id='word_1_214' title='bbox 1382 3426 1815 3512; x_wconf 87' lang='lat' dir='ltr'>nuptiarum</span> <span class='ocrx_word' id='word_1_215' title='bbox 1862 3425 2285 3512; x_wconf 83' lang='lat' dir='ltr'>promissio.</span> <span class='ocrx_word' id='word_1_216' title='bbox 2314 3423 2660 3494; x_wconf 84' lang='lat' dir='ltr'>Affinitas</span> <span class='ocrx_word' id='word_1_217' title='bbox 2691 3427 2945 3493; x_wconf 90' lang='lat' dir='ltr'>autem</span> <span class='ocrx_word' id='word_1_218' title='bbox 2994 3442 3154 3512; x_wconf 90' lang='lat' dir='ltr'>pro-</span> 
     </span>
     <span class='ocr_line' id='line_1_29' title="bbox 602 3529 3146 3627; baseline 0 -28"><span class='ocrx_word' id='word_1_219' title='bbox 602 3623 608 3627; x_wconf 13' lang='lat'><em>*</em></span> <span class='ocrx_word' id='word_1_220' title='bbox 701 3530 999 3600; x_wconf 56' lang='lat' dir='ltr'>ueniens</span> <span class='ocrx_word' id='word_1_221' title='bbox 1031 3550 1131 3600; x_wconf 83' lang='lat' dir='ltr'>ex</span> <span class='ocrx_word' id='word_1_222' title='bbox 1163 3529 1644 3602; x_wconf 86' lang='lat' dir='ltr'>fornicatione</span> <span class='ocrx_word' id='word_1_223' title='bbox 1669 3552 1843 3604; x_wconf 90' lang='lat' dir='ltr'>cum</span> <span class='ocrx_word' id='word_1_224' title='bbox 1878 3551 2208 3620; x_wconf 89' lang='lat' dir='ltr'>sponsae</span> <span class='ocrx_word' id='word_1_225' title='bbox 2234 3532 2795 3621; x_wconf 84' lang='lat' dir='ltr'>consanguinea</span> <span class='ocrx_word' id='word_1_226' title='bbox 2813 3531 2886 3599; x_wconf 89' lang='lat' dir='ltr'>in</span> <span class='ocrx_word' id='word_1_227' title='bbox 2904 3531 3146 3619; x_wconf 91' lang='lat' dir='ltr'>primo</span> 
     </span>
    </p>
   </div>
   <div class='ocr_carea' id='block_1_3' title="bbox 693 3726 3150 4588">
    <p class='ocr_par' dir='ltr' id='par_1_6' title="bbox 825 3726 2678 3806">
     <span class='ocr_line' id='line_1_30' title="bbox 825 3726 2678 3806; baseline -0.001 -18"><span class='ocrx_word' id='word_1_228' title='bbox 825 3726 846 3766; x_wconf 84' lang='lat'>¹</span> <span class='ocrx_word' id='word_1_229' title='bbox 891 3727 1024 3789; x_wconf 80' lang='lat' dir='ltr'>Ofr.</span> <span class='ocrx_word' id='word_1_230' title='bbox 1072 3729 1628 3806; x_wconf 84' lang='lat' dir='ltr'>Schmalzgrueber</span> <span class='ocrx_word' id='word_1_231' title='bbox 1676 3730 1783 3787; x_wconf 77' lang='lat' dir='ltr'>lib.</span> <span class='ocrx_word' id='word_1_232' title='bbox 1833 3731 1896 3789; x_wconf 88' lang='grc'>4.</span> <span class='ocrx_word' id='word_1_233' title='bbox 1949 3732 2043 3788; x_wconf 79' lang='lat' dir='ltr'>tit.</span> <span class='ocrx_word' id='word_1_234' title='bbox 2105 3729 2207 3789; x_wconf 92' lang='lat'>14.</span> <span class='ocrx_word' id='word_1_235' title='bbox 2258 3748 2379 3789; x_wconf 74' lang='lat' dir='ltr'>nn.</span> <span class='ocrx_word' id='word_1_236' title='bbox 2434 3729 2678 3787; x_wconf 89' lang='lat'><strong><em>71-73.</em></strong></span> 
     </span>
    </p>

    <p class='ocr_par' dir='ltr' id='par_1_7' title="bbox 825 3824 2448 3902">
     <span class='ocr_line' id='line_1_31' title="bbox 825 3824 2448 3902; baseline -0.001 -17"><span class='ocrx_word' id='word_1_237' title='bbox 825 3824 846 3862; x_wconf 74' lang='lat'><strong>²</strong></span> <span class='ocrx_word' id='word_1_238' title='bbox 890 3827 1165 3886; x_wconf 83' lang='lat' dir='ltr'>Sanchez</span> <span class='ocrx_word' id='word_1_239' title='bbox 1210 3827 1317 3886; x_wconf 81' lang='lat' dir='ltr'>cit.</span> <span class='ocrx_word' id='word_1_240' title='bbox 1372 3827 1478 3886; x_wconf 78' lang='lat' dir='ltr'>lib.</span> <span class='ocrx_word' id='word_1_241' title='bbox 1532 3826 1603 3891; x_wconf 47' lang='lat'>7..</span> <span class='ocrx_word' id='word_1_242' title='bbox 1643 3828 1810 3902; x_wconf 79' lang='lat' dir='ltr'>disp.</span> <span class='ocrx_word' id='word_1_243' title='bbox 1864 3826 1973 3886; x_wconf 88' lang='grc'>64.</span> <span class='ocrx_word' id='word_1_244' title='bbox 2026 3846 2147 3886; x_wconf 77' lang='lat' dir='ltr'>nn.</span> <span class='ocrx_word' id='word_1_245' title='bbox 2206 3827 2448 3888; x_wconf 85' lang='lat'><strong><em>17-18.</em></strong></span> 
     </span>
    </p>

    <p class='ocr_par' dir='ltr' id='par_1_8' title="bbox 693 3922 3146 4095">
     <span class='ocr_line' id='line_1_32' title="bbox 825 3922 3146 4004; baseline 0.001 -21"><span class='ocrx_word' id='word_1_246' title='bbox 825 3922 845 3960; x_wconf 69' lang='grc' dir='ltr'><strong>Β</strong></span> <span class='ocrx_word' id='word_1_247' title='bbox 890 3924 1148 3984; x_wconf 83' lang='lat' dir='ltr'>Constat</span> <span class='ocrx_word' id='word_1_248' title='bbox 1197 3942 1274 3983; x_wconf 90' lang='grc'>6)(</span> <span class='ocrx_word' id='word_1_249' title='bbox 1316 3941 1450 4001; x_wconf 84' lang='lat' dir='ltr'>cap.</span> <span class='ocrx_word' id='word_1_250' title='bbox 1501 3926 1775 3983; x_wconf 75' lang='lat' dir='ltr'>nullum</span> <span class='ocrx_word' id='word_1_251' title='bbox 1825 3926 1883 3984; x_wconf 89' lang='lat'>7.</span> <span class='ocrx_word' id='word_1_252' title='bbox 1918 3930 1985 3986; x_wconf 82' lang='lat' dir='ltr'>et</span> <span class='ocrx_word' id='word_1_253' title='bbox 2026 3943 2161 4004; x_wconf 82' lang='lat' dir='ltr'>cap.</span> <span class='ocrx_word' id='word_1_254' title='bbox 2218 3926 2589 4002; x_wconf 75' lang='lat' dir='ltr'>aequaliter</span> <span class='ocrx_word' id='word_1_255' title='bbox 2641 3925 2744 3983; x_wconf 88' lang='grc'>13.</span> <span class='ocrx_word' id='word_1_256' title='bbox 2782 3944 2990 3983; x_wconf 74' lang='lat' dir='ltr'>causa</span> <span class='ocrx_word' id='word_1_257' title='bbox 3039 3924 3146 3985; x_wconf 87' lang='lat'>35.</span> 
     </span>
     <span class='ocr_line' id='line_1_33' title="bbox 693 4022 1051 4095; baseline 0.017 -20"><span class='ocrx_word' id='word_1_258' title='bbox 693 4029 935 4095; x_wconf 57' lang='lat' dir='ltr'>rgisffe’SC.</span> <span class='ocrx_word' id='word_1_259' title='bbox 992 4022 1051 4081; x_wconf 88' lang='grc'>3.</span> 
     </span>
    </p>

    <p class='ocr_par' dir='ltr' id='par_1_9' title="bbox 693 4119 3150 4294">
     <span class='ocr_line' id='line_1_34' title="bbox 821 4119 3150 4199; baseline 0 -20"><span class='ocrx_word' id='word_1_260' title='bbox 821 4119 843 4157; x_wconf 78' lang='lat'><strong>⁴</strong></span> <span class='ocrx_word' id='word_1_261' title='bbox 886 4120 980 4179; x_wconf 83' lang='lat' dir='ltr'>Ex</span> <span class='ocrx_word' id='word_1_262' title='bbox 1023 4120 1298 4180; x_wconf 84' lang='lat' dir='ltr'>Concilio</span> <span class='ocrx_word' id='word_1_263' title='bbox 1342 4121 1748 4182; x_wconf 78' lang='lat' dir='ltr'>Lateranensi</span> <span class='ocrx_word' id='word_1_264' title='bbox 1793 4122 1902 4193; x_wconf 89' lang='lat' dir='ltr'>IV,</span> <span class='ocrx_word' id='word_1_265' title='bbox 1950 4125 2019 4181; x_wconf 82' lang='lat' dir='ltr'>ut</span> <span class='ocrx_word' id='word_1_266' title='bbox 2060 4139 2137 4181; x_wconf 83' lang='lat' dir='ltr'>ex</span> <span class='ocrx_word' id='word_1_267' title='bbox 2180 4140 2313 4199; x_wconf 84' lang='lat' dir='ltr'>cap.</span> <span class='ocrx_word' id='word_1_268' title='bbox 2363 4139 2500 4179; x_wconf 77' lang='lat' dir='ltr'>non</span> <span class='ocrx_word' id='word_1_269' title='bbox 2544 4120 2727 4180; x_wconf 85' lang='lat' dir='ltr'>debet</span> <span class='ocrx_word' id='word_1_270' title='bbox 2767 4120 2827 4179; x_wconf 89' lang='lat'>8.</span> <span class='ocrx_word' id='word_1_271' title='bbox 2881 4122 2967 4181; x_wconf 86' lang='lat' dir='ltr'>de·</span> <span class='ocrx_word' id='word_1_272' title='bbox 3003 4139 3150 4180; x_wconf 77' lang='lat' dir='ltr'>con-</span> 
     </span>
     <span class='ocr_line' id='line_1_35' title="bbox 693 4220 1282 4294; baseline 0.01 -23"><span class='ocrx_word' id='word_1_273' title='bbox 693 4243 757 4271; x_wconf 57' lang='lat' dir='ltr'>:m</span> <span class='ocrx_word' id='word_1_274' title='bbox 777 4239 805 4271; x_wconf 63' lang='lat' dir='ltr'>ia</span> <span class='ocrx_word' id='word_1_275' title='bbox 821 4234 879 4293; x_wconf 72' lang='grc' dir='ltr'>ρ.</span> <span class='ocrx_word' id='word_1_276' title='bbox 929 4225 992 4275; x_wconf 83' lang='lat' dir='ltr'>et</span> <span class='ocrx_word' id='word_1_277' title='bbox 1031 4220 1282 4294; x_wconf 72' lang='lat' dir='ltr'>affl-nit.</span> 
     </span>
    </p>

    <p class='ocr_par' dir='ltr' id='par_1_10' title="bbox 821 4316 1616 4393">
     <span class='ocr_line' id='line_1_36' title="bbox 821 4316 1616 4393; baseline 0 -17"><span class='ocrx_word' id='word_1_278' title='bbox 821 4317 842 4353; x_wconf 84' lang='lat'>⁵</span> <span class='ocrx_word' id='word_1_279' title='bbox 884 4316 1007 4376; x_wconf 76' lang='lat' dir='ltr'>Git.</span> <span class='ocrx_word' id='word_1_280' title='bbox 1054 4335 1187 4393; x_wconf 83' lang='lat' dir='ltr'>cap.</span> <span class='ocrx_word' id='word_1_281' title='bbox 1238 4334 1375 4375; x_wconf 77' lang='lat' dir='ltr'>non</span> <span class='ocrx_word' id='word_1_282' title='bbox 1419 4316 1616 4376; x_wconf 85' lang='lat' dir='ltr'>debet.</span> 
     </span>
    </p>

    <p class='ocr_par' dir='ltr' id='par_1_11' title="bbox 821 4413 2819 4490">
     <span class='ocr_line' id='line_1_37' title="bbox 821 4413 2819 4490; baseline -0.002 -15"><span class='ocrx_word' id='word_1_283' title='bbox 821 4415 844 4452; x_wconf 59' lang='grc' dir='ltr'><strong><em>Β</em></strong></span> <span class='ocrx_word' id='word_1_284' title='bbox 889 4415 1069 4475; x_wconf 82' lang='lat' dir='ltr'>Cone.</span> <span class='ocrx_word' id='word_1_285' title='bbox 1120 4415 1293 4475; x_wconf 85' lang='lat' dir='ltr'>Trid.</span> <span class='ocrx_word' id='word_1_286' title='bbox 1341 4432 1494 4473; x_wconf 66' lang='lat' dir='ltr'>sess.</span> <span class='ocrx_word' id='word_1_287' title='bbox 1546 4413 1656 4474; x_wconf 81' lang='lat'>24.</span> <span class='ocrx_word' id='word_1_288' title='bbox 1708 4433 1852 4490; x_wconf 83' lang='lat' dir='ltr'>cap.</span> <span class='ocrx_word' id='word_1_289' title='bbox 1904 4414 1963 4473; x_wconf 92' lang='lat'>4.</span> <span class='ocrx_word' id='word_1_290' title='bbox 2017 4415 2095 4473; x_wconf 85' lang='lat' dir='ltr'>de</span> <span class='ocrx_word' id='word_1_291' title='bbox 2138 4415 2474 4488; x_wconf 77' lang='lat' dir='ltr'>reformat.</span> <span class='ocrx_word' id='word_1_292' title='bbox 2526 4414 2819 4471; x_wconf 76' lang='lat' dir='ltr'>matrim.</span> 
     </span>
    </p>

    <p class='ocr_par' dir='ltr' id='par_1_12' title="bbox 825 4507 3140 4588">
     <span class='ocr_line' id='line_1_38' title="bbox 825 4507 3140 4588; baseline -0.002 -15"><span class='ocrx_word' id='word_1_293' title='bbox 825 4514 842 4551; x_wconf 80' lang='lat'>⁷</span> <span class='ocrx_word' id='word_1_294' title='bbox 888 4514 1163 4573; x_wconf 83' lang='lat' dir='ltr'>Sanchez</span> <span class='ocrx_word' id='word_1_295' title='bbox 1212 4515 1318 4573; x_wconf 77' lang='lat' dir='ltr'>lib.</span> <span class='ocrx_word' id='word_1_296' title='bbox 1372 4514 1433 4573; x_wconf 91' lang='grc'>7.</span> <span class='ocrx_word' id='word_1_297' title='bbox 1481 4512 1650 4588; x_wconf 79' lang='lat' dir='ltr'>disp.</span> <span class='ocrx_word' id='word_1_298' title='bbox 1703 4512 1811 4571; x_wconf 88' lang='grc'>67.</span> <span class='ocrx_word' id='word_1_299' title='bbox 1865 4531 1934 4570; x_wconf 80' lang='lat' dir='ltr'>n.</span> <span class='ocrx_word' id='word_1_300' title='bbox 1985 4511 2067 4580; x_wconf 90' lang='lat'>4,·</span> <span class='ocrx_word' id='word_1_301' title='bbox 2115 4542 2191 4557; x_wconf 94' lang='lat'>—</span> <span class='ocrx_word' id='word_1_302' title='bbox 2242 4517 2307 4571; x_wconf 83' lang='lat' dir='ltr'>et</span> <span class='ocrx_word' id='word_1_303' title='bbox 2348 4529 2426 4571; x_wconf 89' lang='grc'>6)(</span> <span class='ocrx_word' id='word_1_304' title='bbox 2468 4529 2539 4570; x_wconf 83' lang='grc'>60</span> <span class='ocrx_word' id='word_1_305' title='bbox 2582 4511 2852 4588; x_wconf 83' lang='lat' dir='ltr'>Pirhing</span> <span class='ocrx_word' id='word_1_306' title='bbox 2911 4512 3017 4569; x_wconf 81' lang='lat' dir='ltr'>lib.</span> <span class='ocrx_word' id='word_1_307' title='bbox 3076 4507 3140 4569; x_wconf 87' lang='grc'>4.</span> 
     </span>
    </p>
   </div>
   <div class='ocr_carea' id='block_1_4' title="bbox 689 4609 3248 4752">
    <p class='ocr_par' dir='ltr' id='par_1_13' title="bbox 689 4609 3248 4752">
     <span class='ocr_line' id='line_1_39' title="bbox 689 4609 1933 4687; baseline 0.002 -21"><span class='ocrx_word' id='word_1_308' title='bbox 689 4623 781 4671; x_wconf 57' lang='lat' dir='ltr'>mr.</span> <span class='ocrx_word' id='word_1_309' title='bbox 839 4611 946 4671; x_wconf 90' lang='lat'>13.</span> <span class='ocrx_word' id='word_1_310' title='bbox 993 4613 1072 4671; x_wconf 82' lang='lat' dir='ltr'>de</span> <span class='ocrx_word' id='word_1_311' title='bbox 1115 4630 1184 4671; x_wconf 87' lang='lat' dir='ltr'>eo</span> <span class='ocrx_word' id='word_1_312' title='bbox 1230 4614 1347 4687; x_wconf 76' lang='lat' dir='ltr'>qui</span> <span class='ocrx_word' id='word_1_313' title='bbox 1387 4629 1649 4687; x_wconf 76' lang='lat' dir='ltr'>coynov.</span> <span class='ocrx_word' id='word_1_314' title='bbox 1703 4629 1771 4670; x_wconf 77' lang='grc' dir='ltr'>π.</span> <span class='ocrx_word' id='word_1_315' title='bbox 1824 4609 1933 4669; x_wconf 83' lang='grc'>21.</span> 
     </span>
     <span class='ocr_line' id='line_1_40' title="bbox 3065 4701 3248 4752; baseline 0.005 0"><span class='ocrx_word' id='word_1_316' title='bbox 3065 4701 3248 4752; x_wconf 62' lang='lat'>“5⁶“</span> 
     </span>
    </p>
   </div>
   <div class='ocr_carea' id='block_1_5' title="bbox 3469 2764 3475 3427">
    <p class='ocr_par' dir='ltr' id='par_1_14' title="bbox 3469 2764 3475 3427">
     <span class='ocr_line' id='line_1_41' title="bbox 3469 2764 3475 3427; baseline 0 0"><span class='ocrx_word' id='word_1_317' title='bbox 3469 2764 3475 3427; x_wconf 95' lang='lat' dir='ltr'> </span> 
     </span>
    </p>
   </div>
  </div>
 </body>
</html>
