3509 5317
1650 442 2117 552 ...286-

716 633 1058 704 Vicarius
1120 631 1553 718 parisiensis
1610 629 1753 699 hoc
1798 630 2112 699 dubium
2185 630 2617 730 proposuit:
2670 651 2708 694 «ι
2763 633 2880 699 An
2933 632 3176 700 matri-

716 740 969 809 monia
1013 743 1383 808 contracta
1438 737 1624 806 inter
1680 737 2086 808 catholicos
2131 743 2203 806 et
2249 738 2667 808 haereticos
2712 737 3006 826 absque
3053 760 3174 828 pa·

713 848 918 918 rochi
957 846 1391 933 praesentia,
1428 845 1591 914 licet
1625 844 1884 930 illicita,
1919 845 2064 913 sint
2110 850 2359 914 tamen
2403 845 2644 916 valida
2683 868 2744 914 ».
2795 847 3172 934 Suprema

711 975 772 1024 s.
831 953 1323 1042 inquisitionis
1397 953 1884 1042 Congregatio
1951 949 2072 1023 die
2135 956 2218 1022 13
2279 952 2426 1021 iulii
2499 957 2674 1025 1818
2744 956 3171 1042 respondit:

715 1083 752 1125 «
801 1062 1441 1149 Respondendum
1470 1068 1691 1147 prout
1722 1061 1942 1132 etiam
1981 1078 2434 1148 responsum
2465 1059 2597 1131 fuit
2627 1062 3002 1150 Episcopo
3037 1067 3175 1133 Ro·

715 1195 750 1235 «
783 1170 1159 1240 snaviensi
1208 1188 1325 1239 an.
1377 1167 1589 1255 178Ο;
1653 1168 2023 1256 Episcopo
2089 1167 2451 1238 Melitensi
2502 1189 2622 1238 an.
2673 1172 2869 1255 1803,
2919 1177 2991 1239 et
3039 1174 3175 1240 Re-
3290 1193 3297 1203 ·

711 1301 748 1343 «
782 1280 960 1349 ctori
1009 1276 1533 1363 Corepediensi
1565 1294 1683 1348 an.
1721 1277 1919 1346 1808.
1953 1279 2240 1367 Nempe
2272 1277 2724 1346 decretalem
2772 1279 2950 1347 Ben.
2983 1279 3166 1347 XIV

714 1409 751 1451 «
783 1406 900 1458 an.
953 1388 1120 1456 1741
1173 1384 1444 1454 editam
1491 1403 1730 1470 super
1764 1384 2255 1455 matrimoniis
2303 1384 2760 1469 Hollandiae,
2814 1384 3167 1455 taaeatioe

706 1516 743 1559 «
782 1497 1151 1580 respicere
1198 1497 1482 1562 tanturn
1537 1491 2007 1584 matrimonia
2059 1492 2126 1559 in
2180 1492 2265 1560 iis
2314 1492 2715 1578 provinciis
2760 1497 3162 1578 contracta,

708 1623 745 1665 «
781 1621 928 1670 non
992 1608 1242 1671 autem
1306 1599 1442 1669 alia
1510 1599 1979 1667 matrimonia
2023 1599 2110 1666 *in
2178 1598 2339 1668 aliis
2390 1598 2574 1667 locis
2629 1604 2701 1667 et
2758 1599 3162 1686 provinciis

704 1709 969 1791 «inita,
1019 1709 1295 1794 quibus
1343 1707 1613 1777 idcirco
1646 1706 2289 1794 applicarinequit
2323 1706 2618 1793 absque
2661 1725 2858 1775 nova
2908 1712 2981 1775 et
3011 1726 3172 1796 spe-

705 1839 741 1880 «
774 1815 947 1886 ciali
991 1816 1060 1884 S.
1111 1813 1319 1884 Sedis
1367 1810 1904 1898 declaratione,
1958 1813 2194 1883 multo
2245 1814 2495 1882 minus
2543 1813 2617 1880 in
2666 1813 2918 1882 Galliis
2951 1815 3156 1902 (quid

706 1946 743 1988 «
776 1924 870 1994 de
898 1923 1091 1994 Italia
1120 1923 1431 1991 dixisset
1448 1922 1521 2005 2),
1552 1922 1677 1990 ubi
1702 1921 2089 1991 decretum
2117 1920 2411 1990 Concilii
2439 1921 2799 1991 tridentini
2819 1922 3166 2007 (sess.24.

711 2054 748 2096 «
780 2053 839 2101 e.
891 2035 950 2100 1.
1000 2030 1090 2099 de
1137 2029 1397 2119 nefor.)
1445 2030 1737 2116 absque
1776 2029 1923 2097 ullo
1955 2029 2184 2098 dubio
2225 2028 2653 2098 immediate
2702 2034 2870 2116 post
2915 2030 3166 2099 Conci·

708 2139 957 2206 «lium
1009 2137 1465 2223 publicatum
1516 2134 1653 2205 fuit
1700 2137 1773 2205 in
1832 2135 2196 2206 uniuersis
2242 2122 2653 2226 paroeciis,
2707 2143 2780 2208 et
2824 2145 3170 2208 constan-

709 2267 746 2309 «
780 2245 1062 2315 tissime
1109 2243 1591 2313 observatum
1629 2266 1691 2311 ».
1729 2281 1769 2291 -
1802 2244 1935 2312 His
1981 2245 2277 2332 gemina
2323 2245 2707 2331 respondit
2751 2244 3019 2317 eadem
3057 2265 3171 2316 sa·

711 2370 834 2422 cra
888 2369 1241 2438 suprema
1295 2350 1783 2439 Congregatio
1833 2351 2145 2421 Vicariis
2209 2351 2742 2438 capitularibus
2773 2351 3169 2438 pictavien-

704 2459 915 2527 sibus
961 2458 1229 2525 eodem
1268 2475 1527 2526 mense
1564 2465 1634 2527 et
1666 2477 1888 2527 anno.
1938 2459 2161 2546 Apud
2203 2460 2525 2548 Peri-one
2559 2457 2699 2543 (cit.
2748 2456 2864 2527 lib.
2899 2461 2968 2526 2.
3001 2480 3064 2529 e.
3103 2462 3166 2527 6.

703 2569 852 2633 art.
899 2566 970 2632 2.
1019 2565 1064 2647 ἓ
1108 2564 1173 2632 3.
1217 2581 1346 2652 pp.
1380 2566 1741 2633 222-223.
1794 2571 1864 2632 et
1909 2570 2056 2633 art.
2109 2567 2177 2632 4.
2225 2584 2300 2653 ρ.
2347 2563 2534 2648 273).

838 2672 1237 2740 Recentius
1284 2684 1557 2755 autem,
1608 2690 1886 2757 nempe
1933 2691 2052 2740 an.
2091 2674 2264 2741 1829
2296 2662 2393 2740 ad
2438 2672 2818 2740 Vicarium
2868 2679 3166 2759 aposto·

705 2780 925 2848 licum
977 2778 1427 2848 bredensem
1477 2778 1743 2849 similia
1794 2785 2318 2864 exponentem,
2367 2798 2427 2846 s.
2477 2777 2744 2848 eadem
2795 2779 3160 2868 Congreg.

701 2888 982 2957 summi
1034 2884 1408 2956 pontificis
1467 2885 2006 2972 approbatione
2057 2885 2477 2972 respondit:
2532 2906 2569 2949 «
2601 2885 2673 2954 S.
2727 2885 2982 2971 Sedes,
3036 2887 3163 2956 ubi

706 3017 741 3057 «
775 2997 1163 3064 decretum
1211 2991 1503 3060 Concilii
1556 2992 1915 3060 tridentini
1985 2992 2439 3079 publicatum
2511 2991 2673 3079 fuit,
2724 3011 2973 3080 neque
3020 2990 3157 3062 fuit

707 3124 743 3165 «
778 3108 1087 3171 extensa
1139 3099 1552 3168 Declaratio
1599 3101 1970 3169 Benedicti
2003 3101 2200 3184 XIV,
2243 3105 2635 3189 tamquam
2683 3097 2892 3168 nulla
2937 3098 3166 3169 habet

708 3231 745 3273 «
778 3205 1265 3277 matrimonia
1310 3205 1690 3276 celebrata
1735 3213 2003 3276 contra
2036 3206 2384 3296 formam
2421 3204 2904 3276 tridentinam
2927 3227 2961 3292 ,·
2995 3208 3164 3276 ideo

703 3340 739 3380 ‹
777 3327 1111 3385 recurrat
1159 3316 1229 3382 in
1281 3315 1584 3386 casibus
1641 3315 2216 3402 particularibus
2266 3333 2401 3400 pro
2448 3322 2873 3403 opportuno
2923 3334 3159 3385 reme-

705 3447 740 3487 «
773 3425 895 3493 dio
929 3446 994 3490 ».
1044 3425 1267 3510 Apud
1318 3425 1644 3492 Per-rone
1694 3423 1764 3508 (l.
1812 3442 1873 3491 c.
1919 3442 2049 3512 ρρ.
2098 3421 2486 3508 228-229).

834 3522 1051 3603 Unde
1098 3550 1275 3600 cum
1324 3550 1731 3618 supremae
1764 3550 1823 3599 s,
1875 3531 2374 3618 Inquisitionis
2422 3530 2993 3619 Congregationi
3031 3551 3162 3600 an-

699 3659 796 3707 no
848 3640 1022 3707 1847
1070 3640 1168 3707 ab
1218 3639 1585 3725 Episcopo
1621 3638 2351 3707 Fluminis-Ianuarii
2402 3637 2851 3725 (RiOJaneiro
2884 3640 2953 3707 in
2990 3641 3154 3709 Bra-

698 3746 883 3831 silia)
933 3746 1360 3833 propositus
1415 3745 1630 3815 fuerit
1675 3764 1903 3815 casus
1964 3745 2407 3814 matrimonii
2459 3764 2497 3813 a
2551 3746 2860 3818 muliere
2903 3746 3167 3815 Catho-

677 3852 844 3921 ’ἰίσα
890 3871 1065 3922 cum
1118 3853 1274 3920 viro
1324 3849 1738 3922 acatholico
1769 3853 2070 3922 Parisiis
2104 3852 2251 3920 initi
2294 3853 2502 3921 iuxta
2553 3853 2793 3940 legem
2841 3852 3158 3939 civilem,

699 3967 770 4029 et
815 3980 855 4028 a
908 3959 1244 4028 ministro
1293 3960 1699 4030 acatholico
1750 3960 2256 4028 benedictione
2303 3960 2581 4045 sanciti,
2630 3964 2705 4029 at
2752 3965 3006 4046 postea
3056 3960 3161 4029 ob

699 4066 1209 4135 dissensiones
1233 4067 1304 4135 in
1341 4068 1709 4154 praedicta
1746 4068 2171 4136 americana
2207 4067 2526 4136 dioecesi
2559 4085 2694 4152 per
2723 4066 3157 4135 absolutum

698 4174 1096 4242 divortium
1161 4174 1400 4257 soluti,
1466 4174 1657 4260 dicta
1707 4173 1782 4243 S.
1830 4175 1904 4242 C.
1954 4173 2024 4240 in
2074 4173 2400 4243 themate
2429 4174 2542 4242 .de
2604 4173 2961 4242 sententia
3012 4191 3155 4242 sua

696 4285 953 4367 rogata
1016 4280 1443 4365 respondit:
1497 4302 1533 4343 «
1580 4280 1790 4349 luxta
1842 4280 2180 4366 exposita
2245 4280 2802 4368 matrimonium
2853 4278 3156 4348 Parisiis
3265 4376 3282 4381 -

700 4407 737 4450 «
772 4391 1257 4472 contractum,
1296 4406 1465 4456 esse
1499 4387 1789 4456 nullum
1823 4393 1893 4456 et
1922 4386 2246 4455 irritum:
2281 4387 2597 4472 ideoque
2630 4386 2805 4454 nihil
2854 4386 3155 4455 obstare

700 4514 736 4555 «
770 4493 1176 4580 quominus
1222 4495 1502 4562 oratrix
1549 4494 1645 4563 ad
1694 4493 1879 4563 alias
1926 4494 2227 4580 nuptias
2276 4493 2458 4563 licite
2505 4512 2594 4562 ac
2647 4492 2886 4561 valide
2918 4500 3154 4562 trans-

699 4600 874 4668 «ire
911 4600 1242 4669 valeat».
1291 4601 1511 4686 Apud
1551 4602 1875 4670 perrone
1922 4600 1991 4686 (l.
2023 4618 2085 4669 c.
2108 4618 2182 4689 p.
2216 4601 2408 4686 229),
2458 4618 2692 4687 penes
2738 4618 2964 4687 quem
3001 4597 3157 4686 plu·
