3509 5317
633 460 849 564 '-105..
944 548 947 555 ⁴

151 659 266 727 super
289 641 351 710 tali
376 640 640 726 impedimento
664 639 846 731 (publicae
868 642 1099 724 honestatis),
1132 658 1220 710 cum
1255 639 1383 708 revali-

151 747 298 817 datiane
322 748 477 818 secandi
504 748 726 817 matrimonii
750 750 825 823 iam
861 748 1129 831 consummati,
1154 765 1198 817 ao
1229 745 1382 816 dissolu·

152 854 248 924 tione
270 853 387 943 primi
408 854 529 924 sotum
551 855 639 925 rati.
667 857 773 925 Hanc
796 861 923 925 autem
941 855 1259 942 dispensationem
1286 856 1381 923 iuste

150 982 193 1033 ac
219 962 483 1032 rationabiliter
505 964 734 1051 sperandam
759 983 844 1034 esse
867 964 1051 1045 dicebam,
1077 970 1204 1049 utpote
1230 981 1295 1048 per
1320 962 1380 1030 Se

151 1072 240 1140 dem
266 1070 516 1158 Apostolicam
542 1072 695 1141 concedi
720 1071 878 1157 solitam,
904 1071 1056 1157 quando
1080 1069 1183 1141 nulla
1215 1069 1380 1155 suspicio

153 1183 286 1267 urgeat
308 1179 643 1249 consummationis
668 1179 774 1265 primi
801 1179 1036 1257 matrimonii,
1050 1179 1141 1247 dnm
1160 1198 1180 1247 e
1197 1194 1381 1245 converso

152 1286 201 1353 ob
233 1286 596 1357 consummationem
629 1287 805 1372 secundi,
843 1285 988 1355 infamia
1021 1285 1204 1369 molieris,
1237 1283 1383 1370 aliaque

151 1393 329 1462 scandala
358 1393 613 1463 resultarent»
634 1392 656 1460 ¹.

154 1564 157 1570 .
218 1502 274 1568 36.
300 1500 478 1569 Maiorem
504 1501 578 1568 vim
606 1500 717 1569 habet
741 1519 809 1588 pro
834 1501 1111 1595 dispensatione
1133 1498 1384 1586 supermatri·

152 1607 282 1675 monia
308 1614 386 1675 rato
412 1608 597 1693 praedicta
622 1627 736 1677 <torisa
762 1607 792 1677 si
817 1608 977 1678 alterum
1003 1596 1218 1693 coniugium
1252 1606 1382 1674 initum

154 1713 263 1783 luerit
286 1713 558 1803 inculpabiliter
580 1734 648 1785 seu
673 1712 872 1802 bonafide
899 1716 1092 1804 utriusque
1120 1702 1382 1783 contrahentia.

154 1823 192 1891 ld
219 1828 344 1891 autem
369 1822 637 1908 conmmbalnr
661 1822 837 1908 exemplo
861 1823 976 1893 relata
1001 1824 1239 1893 inthesauro
1256 1820 1383 1890 decre·

153 1936 278 1999 taram
315 1930 352 1997 S.
376 1929 413 1997 C.
448 1928 606 2014 Camilli,
638 1929 828 1998 volumine
859 1930 1029 2000 nondum
1061 1930 1097 1997 in
1133 1928 1255 1997 lucem
1288 1930 1385 1997 edito

153 2038 339 2107 1111111711
358 2037 432 2105 sub
448 2037 562 2106 111116
576 2038 659 2106 maii
678 2038 846 2107 eiusdem
865 2039 963 2119 anni,
977 2038 1142 2125 illudque
1159 2037 1206 2106 ad
1225 2037 1383 2105 verbum

153 2144 370 2214 exscribere
393 2144 504 2224 iavet,
529 2145 668 2231 quippe
693 2144 727 2211 in
752 2145 939 2213 similibus
955 2145 1117 2227 casibus
1131 2163 1206 2213 non
1221 2164 1307 2213 raro
1322 2164 1383 2213 oc-

153 2252 401 2333 currentibus,
429 2252 559 2323 utiliter
584 2271 674 2337 prae
698 2253 817 2321 oeulis
841 2252 969 2321 haberi
994 2253 1135 2339 poterit.
1167 2252 1220 2322 Sit
1242 2252 1384 2339 itaque:

224 2358 418 2426 «Oriolea.
442 2357 742 2447 dispensationis.
765 2396 788 2407 -
811 2362 865 2428 De
897 2378 996 2427 anno
1031 2363 1119 2429 1702
1149 2359 1234 2428 inito
1266 2362 1386 2429 matri-

154 2466 282 2534 monio
307 2466 342 2534 ln
367 2464 458 2535 iacie
483 2467 669 2536 Ecclesiae
693 2467 787 2537 inter
811 2467 1055 2537 paschasium
1081 2466 1252 2548 Quesada
1279 2466 1389 2553 phar-

156 2574 403 2659 macopolam,
429 2594 523 2643 sune
547 2575 676 2643 aetatis
699 2594 887 2644 annorum
912 2575 956 2643 25
981 2583 1017 2644 et
1029 2578 1169 2645 Rosam
1186 2576 1274 2644 Fert
1289 2574 1386 2659 puel·

157 2678 230 2749 lam
256 2699 378 2749 annos
403 2683 445 2749 15
470 2688 606 2767 natam,
634 2691 717 2770 post
732 2700 863 2751 earum
878 2683 1190 2753 cohabitationem
1205 2680 1282 2751 iere
1298 2681 1387 2749 duo·

157 2806 240 2855 rum
257 2788 456 2874 mensium,
470 2806 557 2857 cum
569 2789 680 2858 simol
693 2791 889 2859 carnaliter
897 2789 1132 2859 commisceri
1145 2809 1220 2858 non
1235 2793 1387 2875 possent
1452 2878 1454 2881 Ι

156 2894 206 2962 ob
230 2895 385 2962 nimiam
411 2899 534 2981 Rosae
558 2897 826 2982 arctitudinem,
854 2897 947 2967 haec
962 2896 1101 2966 doloris
1119 2896 1326 2984 impatiens,
1344 2896 1389 2963 vi·

157 3020 241 3094 111111
267 3018 397 3086 exosa,
422 3003 470 3071 ab
494 3023 539 3072 eo
563 3004 716 3089 divertit,
734 3010 770 3073 et
793 3006 838 3073 ad
868 3012 1060 3073 maternos
1085 3004 1182 3073 lares
1212 3002 1386 3090 confugit.

156 3143 177 3154 -
201 3110 376 3189 Quesada
401 3111 524 3198 itaque
551 3131 621 3180 usu
645 3112 816 3199 ‹roniugis
832 3111 1024 3199 spoliatae,
1041 3113 1197 3199 cupiens
1216 3130 1300 3181 11111
1317 3110 1387 3179 sibi

157 3216 307 3302 restitui,
341 3216 506 3321 olilcium
540 3219 675 3287 Vicarii
702 3238 772 3289 seu
801 3217 979 3289 Oillcialis
1010 3219 1195 3307 generalis
1228 3216 1387 3287 Oriolea.

158 3325 380 3413 imploravit.
405 3362 425 3374 -
449 3328 586 3412 Coepta
610 3327 718 3415 igitur
743 3326 886 3410 iudicio,
909 3328 1091 3412 Vicarius,
1116 3328 1258 3395 omisso
1283 3327 1389 3393 trien·

157 3434 253 3503 nolis
265 3434 547 3503 cohabitationis
564 3434 744 3503 canonico
758 3435 1026 3521 experimento,
1040 3434 1245 3521 assignavit
1262 3436 1386 3502 Rosae

159 3541 358 3610 terminum
384 3560 455 3610 sex
479 3542 624 3611 dierum
650 3542 696 3611 ad
721 3560 814 3611 suae
830 3541 1060 3611 arctitudinis
1079 3539 1385 3628 impedimentum

159 3648 407 3734 probandum.
433 3650 667 3734 Quapropter
690 3647 840 3717 luerunt
863 3648 1015 3719 adhibiti
1037 3659 1201 3735 quatuor
1224 3647 1386 3735 chirurgi

158 3762 193 3824 et
218 3775 291 3825 una
317 3756 508 3841 obstetrix,
526 3757 589 3842 qui
603 3775 670 3842 per
682 3773 813 3825 eorum
832 3755 1113 3841 inspectionem,
1127 3755 1268 3823 Rosam
1288 3772 1391 3841 prae·

158 3859 294 3931 dictam
320 3870 500 3948 perpetuo
524 3861 753 3931 arctitudinis
777 3862 1043 3948 impedimento
1067 3861 1227 3948 gravari,
1252 3878 1322 3928 sua
1339 3860 1390 3928 iu·

159 3972 329 4038 ramento
354 3965 561 4036 firmarunt.
584 4003 609 4020 -
631 3968 775 4036 Verum
807 3973 846 4036 ut
876 3967 1023 4035 cautius
1055 3967 1090 4033 in
1123 3985 1163 4035 re
1194 3965 1281 4035 tanti
1314 3983 1390 4033 mo·

160 4076 270 4143 menti
289 4075 565 4161 procederetur,
580 4080 711 4143 vocato
724 4079 941 4160 promotore
957 4072 1085 4159 fiscali,
1100 4073 1206 4142 iussit
1220 4073 1393 4141 Vicarius

225 4332 326 4393 ι(111.
351 4331 394 4390 De
420 4332 503 4391 Luca
535 4333 591 4392 loa.
621 4333 675 4392 eit.
703 4349 760 4388 aa.
786 4329 864 4395 6-7,
893 4330 945 4388 ubi
977 4329 1057 4389 citat
1085 4327 1148 4386 alia
1178 4326 1319 4402 exempla
1345 4343 1393 4384 re·

158 4432 224 4491 lata
245 4449 264 4489 1
286 4429 425 4489 Barbosa
446 4428 497 4507 (ad
519 4429 636 4489 (loaeil.
660 4428 746 4488 Trid.
769 4445 847 4487 1111.
873 4426 929 4485 24.
953 4427 993 4486 da
1014 4426 1113 4499 refer.
1137 4431 1234 4484 mart.
1260 4439 1331 4497 cap.
1358 4420 1388 4480 3.

156 4547 217 4589 aa.
239 4526 364 4605 12-13)
379 4545 456 4603 qnae
471 4534 574 4587 tamen
596 4528 698 4605 patius
713 4528 874 4603 attingunt
896 4526 1156 4602 dispensationem
1179 4522 1391 4600 impedimenti

157 4628 299 4708 publicae
322 4626 506 4700 honestatis,
528 4645 619 4703 quam
641 4625 874 4685 dissolutionem
898 4623 1089 4683 matrimonii
1111 4623 1187 4683 1111.
