3509 5317
1761 475 2076 534 ...26-

684 608 989 694 quidem
1038 609 1134 678 de
1179 609 1502 679 essentia
1550 608 1998 679 matrimonii
2047 614 2178 696 est,
2229 614 2307 679 ut
2352 609 2715 697 coniuges
2760 607 2923 679 fleri
2971 628 3143 697 pos·

689 715 834 783 sint
881 734 1028 785 una
1079 734 1298 801 caro;
1347 716 1548 805 atqui
1600 717 1743 786 hoc
1788 717 2087 786 evenire
2137 734 2473 803 unquam
2509 717 2764 803 nequit
2795 716 2976 786 dum
3007 717 3143 804 ipsi

689 819 1024 891 absolute
1069 828 1140 892 et
1180 828 1551 913 perpetuo
1596 825 1819 913 inepti
1866 829 2041 894 sunt
2086 825 2182 895 ad
2257 842 2516 894 veram
2587 821 3144 912 perfectamque

689 928 1060 1015 rapulam.
1107 968 1149 979 -
1199 931 1378 1000 Item
1429 931 1524 1001 de
1569 931 1965 1001 intrinseca
2017 931 2467 1001 matrimonii
2517 931 2800 1001 ratione
2831 936 2946 1002 est
2976 931 3149 1001 obli-

689 1035 881 1119 gatio
929 1042 1000 1106 et
1043 1037 1332 1108 traditio
1379 1056 1787 1125 corporum
1835 1039 1933 1109 ad
1984 1057 2210 1108 usum
2260 1056 2399 1110 seu
2469 1038 2820 1125 copulam
2903 1039 3147 1108 coniu-

689 1140 975 1230 galem3
1024 1143 1118 1214 ad
1169 1162 1339 1215 eam
1386 1150 1638 1215 autem
1685 1146 2018 1234 obligare
2063 1165 2148 1215 se
2196 1147 2448 1233 nequit
2492 1145 2622 1233 qui
2666 1144 3004 1214 absolate
3073 1148 3144 1214 et

689 1254 1053 1339 perpetuo
1099 1258 1212 1321 est
1257 1253 1629 1340 impotens
1674 1272 1848 1324 eam
1898 1272 2275 1324 exercere.
2328 1253 2906 1341 Impossibilium
2942 1253 3141 1324 enim

693 1355 891 1427 nulla
952 1367 1068 1428 est
1123 1359 1469 1456 obligatio
1520 1360 1580 1447 ¹,
1644 1366 1716 1431 et
1763 1381 1988 1431 nemo
2036 1365 2479 1450 potestatem
2529 1362 2822 1431 tradere
2898 1364 3141 1449 potest

693 1467 793 1531 rei
840 1483 1070 1566 quam
1120 1467 1329 1537 nulla
1375 1469 1658 1539 ratione
1708 1469 1931 1540 habet
1980 1468 2024 1536 ².

818 1573 882 1640 5.
933 1573 1888 1665 Secundum:1mpotentia
1936 1575 2411 1661 antecedens,
2464 1580 2840 1666 perpetua
2904 1580 2977 1644 et
3043 1592 3150 1642 re·

689 1677 1020 1767 effectiva
1066 1681 1288 1751 etiam
1341 1684 1500 1752 iure
1550 1693 1861 1773 naturae
1908 1685 2182 1753 dirimit
2230 1684 2792 1754 matrimonium
2868 1685 3151 1751 contra-

693 1786 1022 1855 hendum
1070 1806 1248 1857 cum
1296 1809 1385 1860 ea
1433 1810 1756 1878 persona
1804 1798 2150 1880 respectu
2199 1792 2414 1861 cuius
2460 1790 2691 1861 altera
2742 1794 2855 1859 est
2921 1790 3152 1877 impo-

693 1905 852 1960 tens
898 1894 992 1963 ad
1048 1914 1306 1966 veram
1354 1916 1444 1970 66
1491 1896 1897 1986 perfectam
1953 1898 2379 1969 habendam
2451 1897 2849 1986 copulam3
2925 1897 3152 1983 idque

689 2003 847 2069 sive
893 2020 999 2069 eoe
1029 2008 1318 2074 natura
1365 2007 1780 2094 proveniat,
1817 2007 1977 2077 sive
2024 2025 2132 2075 ee:
2177 2004 2552 2094 maleficio
2587 2002 2633 2074 ⁸.
2671 2007 2902 2094 Urget
2948 2004 3147 2074 enim

693 2106 952 2177 stadem
1005 2111 1186 2179 ratio
1235 2131 1477 2200 nuper
1524 2112 1791 2194 allata:
1840 2113 2403 2183 matrimonium
2450 2111 2821 2200 siquidem
2856 2101 3152 2198 respicit

693 2234 1091 2299 personam
1140 2217 1708 2289 determinatam
1758 2226 1829 2289 et
1858 2220 2363 2306 individuam;
2399 2225 2471 2289 et
2500 2219 2668 2289 ideo
2701 2219 2763 2287 si
2799 2222 3145 2303 respectu

693 2323 879 2391 illius
925 2324 1195 2412 copula
1244 2325 1343 2408 sit,
1382 2326 1883 2413 impossibiliS,
1922 2325 2097 2396 nihil
2129 2327 2336 2396 iuvat
2373 2327 2573 2414 quod
2611 2330 2956 2413 respectu
2989 2323 3151 2394 alia·

693 2447 864 2512 rum
909 2449 1419 2522 personarum,
1459 2434 1552 2503 sit
1598 2433 1995 2521 possibilis.

818 2538 991 2607 Dari
1038 2546 1293 2610 autem
1342 2539 1850 2626 impotentiam
1897 2545 2351 2630 perpetuam
2397 2558 2506 2629 eoe
2554 2535 2961 2627 maleficio,
3030 2556 3146 2607 ve·

697 2643 1067 2714 rissimam
1139 2647 1584 2725 sententiam
1645 2666 1816 2718 esse
1877 2649 2236 2718 Doctores
2299 2651 2552 2717 tenent
2615 2643 2663 2713 ⁴.
2733 2644 3151 2732 Siquidem,

693 2756 872 2821 teste
920 2754 1418 2841 experientia,
1469 2756 1676 2825 reddi
1725 2762 1971 2843 potest
2015 2756 2125 2826 sic
2171 2755 2545 2842 impotens
2615 2773 2715 2824 ex
2786 2750 3151 2823 maleficio

693 2859 984 2945 coniux,
1013 2877 1103 2930 ac
1127 2860 1189 2929 si
1222 2858 1534 2950 frigidus
1565 2879 1665 2931 ex
1697 2866 1965 2933 natura
1996 2861 2201 2950 foret,
2237 2866 2308 2931 et
2339 2862 2483 2930 hoc
2509 2861 2669 2929 sive
2694 2857 3150 2929 destruendo

697 2968 1093 3051 potentiam
1140 2970 1652 3056 generativam
1698 2971 1903 3040 nullo
1952 2968 2450 3059 reparabilem
2501 2968 2838 3037 humano
2910 2964 3151 3035 subsi-

693 3263 753 3311 fft
793 3270 992 3331 seqq„
1033 3254 1252 3316 citatis
1292 3255 1439 3315 aliis
1481 3256 1639 3329 DD.‚
1684 3255 1882 3317 infert
1921 3255 2330 3326 consectaria,
2376 3272 2533 3331 quae
2574 3270 2653 3313 ex
2697 3254 2810 3312 hoc
2851 3251 3152 3331 principio

693 3356 902 3427 sponte
931 3353 1151 3425 fluunt,
1183 3370 1458 3431 quaeque
1488 3353 1764 3414 attinent
1790 3354 1868 3413 ad
1898 3352 2330 3431 imperfectam
2362 3351 2487 3412 viri
2513 3351 2823 3428 copulam,
2856 3349 2934 3408 ad
2971 3367 3155 3409 eunu-

693 3451 857 3521 111166,
904 3450 1178 3524 sterilae,
1199 3496 1202 3499 -
1226 3468 1399 3511 senes
1441 3451 1787 3529 decrepitos
1830 3451 1932 3510 vel
1975 3450 2223 3513 omnino
2274 3451 2633 3521 exhaust03‚
2680 3447 2961 3513 infirmos
3012 3464 3151 3524 quo-

693 3567 845 3607 rum.
869 3548 1194 3626 desperata
1235 3553 1333 3609 est
1375 3550 1565 3622 salus,
1611 3567 1684 3609 66
1729 3550 1979 3610 tandem
2023 3548 2587 3626 hermaphroditos.

823 3646 845 3683 ¹
888 3648 1045 3723 Rey.
1106 3645 1259 3707 185.
1304 3650 1377 3722 ff.
1424 3648 1503 3707 de
1545 3648 1702 3723 Rey.
1752 3648 1929 3717 Iur„
1969 3665 2051 3707 ex
2090 3666 2212 3725 qua
2254 3652 2501 3724 sumpta
2542 3649 2640 3706 est
2682 3645 2838 3720 Rey.
2890 3643 3029 3726 Iup.
3084 3642 3148 3702 6.

697 3747 761 3799 1.·11
813 3742 930 3798 60.-
974 3744 1180 3802 Nemo
1222 3751 1429 3819 potest
1465 3745 1554 3802 ad
1599 3745 1999 3821 impossibile
2042 3745 2348 3820 obliyari.

823 3839 849 3878 2
893 3842 986 3900 Ex
1035 3842 1191 3915 Req.
1239 3842 1387 3899 Iur.
1439 3839 1548 3901 79.
1601 3845 1676 3901 in
1722 3843 1820 3911 6⁰,
1861 3861 2019 3921 quae
2060 3842 2246 3902 dicit:
2296 3843 2503 3901 Nemo
2539 3846 2749 3917 potest
2782 3840 2939 3915 plus
2986 3839 3155 3897 iuris

697 3941 1060 4012 fransferoe
1105 3941 1179 3996 in
1225 3938 1466 4008 alium,
1511 3958 1710 4016 quam
1755 3942 1885 3999 sibi
1924 3947 2283 4015 competere
2324 3939 2775 4014 diynoscatur.

826 4035 850 4074 Β
894 4038 1171 4097 Sanchez
1222 4037 1327 4097 lib.
1382 4038 1443 4111 7.
1493 4040 1663 4114 desp.
1719 4036 1845 4106 93,·
1874 4039 2253 4115 —Pirhing
2296 4040 2404 4097 eit.
2454 4040 2551 4096 tce.
2600 4038 2679 4097 de
2717 4034 2989 4110 friqidis
3032 4038 3150 4094 etc.

705 4139 765 4175 ι
799 4117 906 4185 10,
935 4117 1187 4194 aliique.
1226 4117 1321 4177 Ex
1353 4136 1487 4196 cap.
1522 4121 1995 4193 fraternitatis,
2025 4122 2133 4178 eet.
2164 4122 2257 4177 tet.
2289 4120 2339 4178 si
2371 4137 2409 4178 a
2438 4110 2686 4205 natura,
2707 4134 2885 4176 —ex
2914 4133 3058 4190 cap.
3085 4113 3150 4171 4.

697 4233 900 4273 {rusa
948 4213 1055 4273 33.
1106 4222 1353 4290 quaest.
1415 4215 1468 4274 1.
1519 4216 1572 4276 si
1613 4234 1651 4276 6
1696 4216 2002 4277 maleficio
2044 4222 2342 4294 perpetua
2384 4196 2752 4293 impotentia
2800 4212 3148 4293 proveniat.

826 4314 850 4352 ⁴
893 4315 1173 4391 Castrop.
1222 4315 1326 4392 qui
1369 4314 1529 4375 citat
1572 4318 1646 4377 D.
1701 4316 2035 4388 Thomam‚
2083 4316 2394 4391 86661162,
2441 4316 2653 4386 Gutt„
2702 4314 2893 4373 Pone.
2939 4316 3157 4372 contra

693 4412 982 4487 Quosdam
1023 4412 1364 4473 sentientes
1393 4415 1779 4474 contrarium
1807 4432 1946 4473 eum
1989 4415 2189 4475 Gloss.
2227 4447 2302 4459 -
2338 4413 2492 4474 Vide
2520 4389 2894 4491 Leurenium
2944 4413 3054 4471 lib.
3089 4409 3151 4469 4.

701 4515 795 4567 ut.
854 4511 960 4572 15.
1007 4519 1257 4587 quaest.
1306 4511 1467 4571 244.
