3509 5317
1822 517 2158 574 -44-·

741 650 1082 739 Jffsarfecta
1127 650 1559 740 adoptione,
1613 650 1776 719 sola
1826 649 2231 737 apostoliea
2282 650 2520 720 Sedes
2566 668 2703 737 pro
2767 650 3074 720 diversa
3120 651 3207 720 ci-

749 759 992 828 ¹titium
1028 759 1376 828 codicum
1399 758 1685 827 ratione
1720 754 2034 827 definire
2058 763 2255 826 certa
2286 757 2649 826 sententia
2686 758 2953 843 poterit
2984 775 3209 843 quae·

745 867 1078 953 ationem,
1128 884 1224 936 an
1274 870 1347 936 et
1391 885 1432 934 a
1496 865 1773 952 quibus
1842 863 2214 932 eiusmodi
2276 863 2895 952 impedimentum
2958 864 3204 934 matri-

749 974 968 1043 monii
1014 974 1457 1043 incurratur.
2284 1058 2288 1061 q

874 1081 1162 1163 Quibus
1208 1080 1648 1168 praemissis
1692 1080 2181 1149 statuendum
2228 1083 2385 1148 est:

868 1192 975 1258 25.
1028 1186 1326 1257 Primo:
1373 1188 1725 1276 Cognatio
1760 1185 2015 1275 leqaiis
2048 1192 2208 1256 orta
2260 1205 2358 1256 ex
2400 1186 2802 1274 adoptione
2834 1187 3206 1256 constituit

745 1297 1356 1385 impedimentum
1391 1295 1753 1364 dirimens
1785 1294 2347 1365 matrimonium
2381 1314 2481 1365 ex
2512 1295 2674 1362 iure
2700 1293 3201 1364 ecclesiastico

745 1422 1142 1473 romanum
1191 1404 1311 1472 ius
1357 1402 1608 1491 quoad
1659 1402 1803 1472 hoc
1849 1403 2315 1489 approbante
2362 1414 2434 1471 et
2480 1401 2897 1487 excipiente
2929 1399 2970 1467 ².

867 1514 977 1581 26.
1030 1509 1408 1579 Secundo:
1456 1510 1812 1598 Cognatio
1860 1507 2117 1597 legalis
2165 1508 2259 1579 ad
2309 1507 2867 1577 similitudinem
2935 1525 3203 1596 cogna-

741 1621 952 1688 tionis
999 1617 1359 1689 naturalis
1407 1636 1506 1686 ex
1554 1618 1714 1687 iure
1765 1635 2101 1702 romano,
2158 1616 2292 1685 sed
2343 1617 2413 1683 vi
2475 1616 2658 1684 iuris
2713 1616 3073 1701 canonici,
3123 1614 3203 1684 fl-

737 1727 1015 1796 aelium
1064 1725 1622 1795 matrimonium
1671 1724 1946 1793 dirimit
1990 1726 2177 1793 inter
2223 1727 2626 1811 sequentes
2673 1741 3066 1809 personas:

871 1836 938 1902 1⁰
989 1833 1215 1903 Velut
1258 1832 1328 1901 in
1366 1832 1554 1901 linea
1589 1838 1798 1902 recta
1828 1837 1900 1901 et
1923 1831 2139 1919 quasi
2167 1828 2652 1919 paternitatis
2685 1830 2992 1916 ratione,
3015 1831 3200 1899 inter

737 1943 1212 2027 adoptantem
1260 1945 1331 2008 et
1390 1938 1832 2027 adoptatum
1896 1945 1968 2008 et
2013 1938 2180 2008 eius
2239 1937 2438 2006 filios
2494 1936 2836 2024 aliosque
2898 1938 3201 2006 deseen-

737 2047 1016 2133 ÷·ienteS,
1065 2048 1191 2135 qui
1238 2052 1577 2134 tempore
1624 2047 2046 2134 adoptionis
2077 2055 2291 2116 erant
2335 2046 2482 2114 sub
2514 2045 2912 2133 adoptatae
2944 2063 3197 2132 perso·

741 2176 877 2227 nae
943 2162 1308 2243 potestate
1356 2152 1401 2222 ².
1450 2194 1492 2204 -
1542 2156 1910 2226 Perdurat
1972 2157 2115 2225 hoc
2185 2155 2807 2241 impedimentum
2873 2171 3196 2243 semper,

737 2271 805 2332 nt
850 2264 1202 2352 quamvis
1248 2264 1549 2350 adoptio
1583 2281 1716 2350 per
1747 2263 2076 2350 adoptati
2124 2264 2799 2351 emancipationem
2837 2261 3195 2331 solvatur.

864 2371 938 2439 2ο
986 2370 1209 2439 Velut
1253 2370 1325 2438 in
1377 2369 1582 2440 linea·
1619 2374 2070 2441 transversa
2116 2379 2190 2442 et
2248 2372 2464 2460 quasi
2515 2367 3044 2461 fraternitatis
3093 2386 3202 2436 ra-

737 2479 948 2563 tione,
999 2476 1186 2546 inter
1233 2477 1668 2564 adoptatum
1717 2484 1790 2546 et
1817 2476 2014 2548 filios
2046 2480 2428 2549 naturaies
2458 2478 2907 2565 adoptantis,
2944 2482 3016 2547 et
3046 2493 3196 2545 non

737 2589 918 2653 inter
950 2584 1137 2654 alias
1158 2600 1611 2670 personas.·-
1638 2585 2082 2656 Perseverat
2113 2587 2256 2656 hoc
2281 2586 2905 2673 impedimentum
2942 2602 3200 2672 quam·

737 2695 860 2761 sliu
909 2690 1294 2761 naturales
1339 2692 1761 2779 adoptantis
1806 2691 1932 2761 filii
1980 2700 2052 2763 et
2095 2695 2441 2781 adoptata
2493 2711 2823 2781 persona
2883 2691 3032 2761 sub
3077 2689 3200 2760 ad·

733 2800 1052 2887 ÷.v1]tantis
1100 2803 1461 2885 potestate
1512 2796 1928 2886 versantur,
1980 2802 2323 2889 adeoque
2371 2802 2515 2871 hac
2563 2801 2801 2888 patria
2835 2802 3197 2887 potestate

733 2906 979 2975 soluta
1024 2905 1185 2975 sive
1233 2912 1472 2974 morte
1520 2907 1966 2994 adoptantis»,
2016 2910 2176 2978 sive
2239 2909 2832 2996 emancipatione
2891 2905 3017 2974 filii
3070 2924 3193 2975 na·

733 3013 987 3083 tut-alis
1038 3013 1150 3083 vel
1199 3013 1551 3100 adoptivi,
1599 3016 1849 3084 cessat
1895 3016 2541 3103 impedimentum.

859 3120 935 3188 3⁰
996 3120 1136 3189 Per
1205 3120 1519 3190 modum
1592 3120 1997 3211 affinitatis
2064 3124 2253 3193 inter
2314 3124 2799 3211 adoptantem
2868 3126 2946 3190 ut
2998 3138 3200 3189 soce·

737 3246 898 3295 rum
933 3234 1008 3297 et
1038 3245 1355 3297 uxorem
1390 3229 1710 3316 adoptati
1765 3236 1844 3299 ut
1891 3250 2193 3317 nurum,
2243 3251 2331 3302 ac
2382 3233 2706 3303 vicissim
2757 3233 2945 3301 inter
2974 3228 3198 3316 adop-

737 3334 948 3403 tantis
996 3353 1316 3404 uxorem
1360 3340 1720 3423 tanquam
1773 3357 2176 3409 novercam
2230 3345 2301 3408 et
2346 3340 2786 3426 adoptatum
2837 3345 3195 3423 tanquam

737 3442 1177 3529 privignum.
1250 3442 1410 3511 Hoc
1469 3444 1691 3538 etiam
1747 3446 2369 3533 impedimentum
2428 3451 2874 3534 perpetuum
2941 3451 3055 3513 est
3121 3447 3198 3511 ut

737 3549 1056 3635 [trimum
1093 3546 1139 3614 ⁸.

859 3658 968 3725 27.
1020 3656 1153 3724 His
1199 3657 1552 3725 omnibus
1584 3656 2072 3746 fere-gemina
2126 3659 2349 3729 habet
2397 3655 2965 3736 Maronitarum
3018 3655 3197 3743 Syn·

860 3852 879 3888 ¹
927 3852 1182 3911 Eruitur
1226 3870 1305 3911 ex
1351 3856 1686 3928 responsis
1734 3856 1980 3916 Nicolai
2025 3858 2051 3916 I
2084 3858 2160 3917 ad
2188 3857 2474 3916 consulta
2504 3854 2918 3931 Bulgarorum
2942 3869 3088 3926 cap.
3124 3848 3188 3909 2.

732 3951 809 4007 rie
849 3950 1312 4024 compatribus,
1355 3951 1458 4010 ubi
1500 3952 1771 4011 dieitur:
1832 3973 1866 4011 «
1898 3956 2383 4031 quandoquidem
2436 3973 2545 4013 nee
2591 3954 2757 4012 inter
2799 3969 2901 4011 eos
2942 3951 3046 4026 qui
3089 3965 3197 4007 na·

733 4071 761 4099 a
799 4055 939 4106 tura
980 4051 1045 4105 et
1084 4064 1186 4106 eos
1215 4048 1319 4123 qui
1363 4048 1685 4126 adoptione
1728 4051 1844 4111 filii
1892 4058 2056 4125 sunt,
2105 4053 2490 4113 venerandae
2533 4068 2826 4111 romanae
2869 4049 3038 4124 leges
3068 4064 3193 4105 ma-

733 4171 757 4195 n
797 4143 1154 4203 trimonium
1199 4146 1485 4205 contrahi
1529 4149 1903 4224 permittunt
1934 4169 1969 4208 »
2012 4155 2132 4210 etc.
2183 4152 2277 4210 Ex
2322 4152 2435 4210 hoe
2478 4138 2935 4224 autem-eapite
2982 4161 3189 4203 excer-

733 4251 869 4315 ptus
895 4245 992 4300 est
1022 4243 1116 4300 tit.
1162 4240 1262 4300 12.
1305 4243 1459 4300 iibri
1488 4244 1552 4302 4.
1591 4245 2029 4306 Decretalium.
2066 4248 2222 4307 vide
2252 4251 2359 4306 cit.
2395 4246 2826 4323 opusculum:
2857 4244 3190 4317 Responsa

749 4340 993 4397 molae·
1034 4339 1077 4395 Ι
1113 4339 1202 4398 ad
1244 4342 1547 4400 consulta
1590 4343 1871 4419 Buiyar.
1921 4363 1973 4404 c.
2008 4345 2090 4404 2.
2133 4363 2330 4421 paqy.
2387 4345 2535 4404 3-4.

859 4433 884 4471 ²
927 4435 1082 4494 Vide
1125 4435 1400 4496 Sanchez
1444 4438 1554 4498 eit.
1603 4440 1773 4515 dzsp.
1824 4440 1934 4499 63.
1987 4461 2053 4501 n.
2108 4443 2217 4502 34.

857 4534 1034 4595 ‘'Cfr.
1070 4553 1179 4613 pro
1213 4536 1311 4595 his
1338 4538 1620 4597 omnibus
1649 4540 1827 4600 citat.
1868 4543 2029 4613 AA„
2057 4561 2126 4601 ac
2158 4544 2533 4620 praesertim
2557 4539 2949 4614 Sebmalzgr.
2983 4535 3090 4594 lib.
3118 4533 3182 4592 4.

729 4639 821 4687 sas.
880 4629 1000 4699 12,·
1031 4662 1103 4677 -
1143 4632 1408 4692 Lauren.
1458 4633 1676 4693 eodem
1725 4637 1832 4695 lzb.
1884 4645 1947 4697 et
1986 4642 2081 4698 tet.
2132 4647 2381 4717 quaest.
2431 4639 2590 4698 218.
