3509 5317
1392 509 1747 571 ..405-

340 644 525 724 tum,
574 642 776 726 quod
811 643 1090 729 nuptiis
1122 643 1589 716 celebrandis
1620 650 2040 735 opponitur.
2074 652 2361 722 Verum
2395 655 2596 726 baud
2632 677 2800 727 rari]

339 746 436 815 ad
486 766 544 817 s.
595 749 864 819 Sedem
918 753 1358 838 perveniunt
1402 756 1783 843 supplices
1830 757 2079 829 literae
2128 779 2263 847 pro
2334 762 2792 850 impetranda

340 853 588 942 aliqua
640 855 1072 928 huiusmodi
1119 859 1702 947 dispensatione,
1751 883 1949 952 quae
1994 866 2199 938 nulla
2269 870 2624 940 canonica
2700 889 2800 938 ra-

339 959 536 1030 tione
585 959 1007 1034 fulciuntur.
1057 967 1341 1037 Accidit
1388 969 1609 1037 etiam
1645 972 2124 1060 quandoque,
2159 975 2340 1044 utin
2371 976 2796 1046 huiusmodi

339 1067 1005 1153 supplicationibus
1054 1092 1141 1143 ea
1190 1075 1657 1164 omittantur,
1728 1097 1924 1166 quae
1988 1082 2414 1151 necessario
2484 1085 2800 1171 exprimi

340 1175 631 1259 debent,
683 1197 777 1246 ne
825 1181 1283 1267 dispensatio
1331 1183 1680 1255 nullitatis
1729 1185 1899 1255 vitio
1963 1187 2265 1259 laboret.
2339 1190 2616 1260 Idcirco
2683 1210 2804 1278 op-

340 1290 749 1370 portunum
807 1287 1048 1356 visum
1102 1300 1218 1359 est
1262 1290 1333 1357 in
1384 1291 1755 1378 praesenti
1809 1293 2293 1365 instructione
2340 1298 2602 1384 paucis
2649 1318 2800 1384 per-

340 1396 704 1484 stringere
751 1398 1199 1485 praecipuas
1250 1399 1415 1469 illas
1459 1419 1752 1488 causas
1803 1421 1999 1489 quae
2064 1402 2157 1473 ad
2221 1405 2804 1475 matrimoniales.

340 1501 941 1587 dispensationes
989 1505 1453 1593 obtinendaS,
1503 1508 1703 1578 iuxta
1771 1511 2175 1580 canonicas
2243 1511 2668 1581 sanctiones
2736 1522 2808 1582 et

341 1609 678 1695 prudens
724 1610 1271 1683 ecclesiasticae
1321 1615 1769 1700 provisionis
1814 1616 2222 1703 arbitrium,
2273 1637 2409 1703 pro
2443 1618 2804 1688 sufficien-

339 1716 539 1785 tibus
589 1717 845 1789 haberi
892 1727 1488 1808 consueverunt;
1537 1722 1808 1792 deinde
1864 1744 1951 1794 ea
2024 1724 2394 1817 indicare,
2464 1745 2661 1814 quae
2736 1730 2800 1794 in

340 1823 499 1910 ipsa
552 1824 1108 1910 dispensatione
1155 1828 1471 1915 petenda
1524 1831 1948 1917 exprimere
1996 1839 2303 1919 oportet.

428 1922 719 2018 -Atqu'e
768 1938 847 2001 ut
893 1953 936 2003 a
984 1935 1236 2004 causis
1282 1935 1926 2023 dispensationum
2000 1940 2396 2009 exordium
2467 1941 2800 2018 ducatum

341 2054 617 2124 operae
651 2043 971 2128 pretium
1004 2044 1141 2113 erit
1170 2044 1538 2132 imprimis
1570 2036 2188 2133 animadvertere,
2225 2066 2456 2117 unam
2482 2047 2808 2135 aliquan-

341 2143 438 2212 do
488 2165 801 2219 causam
860 2151 1181 2220 seorsim
1232 2159 1617 2238 acceptam
1668 2152 2233 2223 insufficientem
2283 2173 2473 2240 esse,
2524 2154 2657 2224 sed
2715 2158 2808 2224 al-

343 2253 472 2327 teri
545 2257 975 2328 adiunctam
1048 2255 1541 2328 sufficientem
1615 2261 2067 2346 existimari3
2140 2280 2318 2330 nam
2387 2279 2584 2349 quae
2653 2280 2800 2330 non

343 2370 661 2453 prosunt
705 2365 1023 2454 singula,
1073 2366 1306 2436 multa
1359 2367 1631 2452 iuvant,
1679 2384 1842 2454 ary.
1876 2366 1923 2434 l.
1964 2370 2031 2435 5.
2076 2366 2146 2434 C.
2193 2366 2287 2437 de
2331 2365 2630 2456 probat.
2664 2368 2804 2435 Hu-

343 2472 666 2542 iusmodi
715 2479 966 2542 autem
1001 2491 1281 2543 causae
1313 2481 1492 2543 sunt
1521 2493 1719 2561 quae
1752 2478 2207 2561 sequuntur:

479 2582 536 2647 1.
586 2575 957 2667 Anqtcstia
1009 2577 1153 2649 loci
1194 2581 1356 2650 sive
1401 2581 1740 2651 absoluta
1777 2581 1937 2650 sive
1969 2580 2276 2650 relativa
2308 2580 2615 2666 (ratione
2656 2590 2800 2651 tan-

237 2744 241 2748 ,
343 2692 503 2755 tum
551 2687 948 2773 Oratricis),
998 2707 1172 2758 cum
1223 2688 1499 2757 scilicet
1543 2689 1615 2756 in
1666 2689 1829 2757 loco
1879 2688 2198 2778 originis,
2250 2689 2366 2758 vel
2414 2689 2632 2758 etiarn
2682 2689 2800 2758 dn-

343 2794 583 2863 micilii
633 2797 980 2884 cognatio
1028 2793 1350 2865 feminae
1396 2795 1491 2866 ita
1537 2796 1631 2865 sit
1677 2805 2112 2884 propagata,
2165 2802 2245 2866 ut
2305 2797 2530 2866 alium
2605 2798 2804 2884 paris.

341 2903 799 2989 conditioniS,
849 2905 967 2972 cui
1017 2904 1271 2989 nubat,
1324 2903 1656 2975 invenire
1726 2910 2089 2991 nequeat,
2163 2905 2297 2972 nisi
2367 2906 2804 2992 consangni-

344 3029 569 3079 neum
628 3011 739 3079 vei
791 3010 1122 3098 affinem,
1171 3012 1486 3098 patriam
1539 3030 1716 3082 vero
1765 3012 2115 3081 deserere
2160 3011 2253 3082 sit
2296 3011 2362 3078 ei
2413 3012 2713 3079 durum.

475 3121 538 3187 2.
592 3121 825 3187 Aetas
880 3117 1226 3208 feminae
1272 3118 1799 3208 superadulta,
1852 3120 1914 3188 si
1970 3118 2245 3190 scilicet
2272 3120 2362 3187 24
2393 3119 2652 3187 aetatis
2683 3137 2808 3186 an*

343 3245 530 3297 num
579 3227 726 3298 iam
774 3246 1084 3316 egressa
1135 3228 1497 3297 hactenus
1549 3229 1791 3296 virum
1863 3227 2064 3314 paris
2132 3225 2611 3311 conditionis,
2684 3230 2796 3294 cui

345 3335 630 3405 nubere
679 3335 931 3423 possit,
981 3354 1133 3405 non
1187 3336 1479 3405 invenit.
1530 3337 1735 3405 Haec
1786 3354 1963 3404 vero
2011 3354 2242 3404 causa
2295 3334 2495 3404 haud
2545 3333 2804 3402 suffra-

342 3447 559 3529 gatur
609 3442 896 3527 viduae,
936 3462 1138 3529 quae
1187 3442 1283 3512 ad
1330 3443 1516 3512 alias
1563 3442 1864 3529 nuptias
1910 3442 2312 3511 convolare
2358 3442 2626 3528 cupiat.

394 3559 397 3563 ’
475 3550 540 3616 3.
594 3546 1040 3634 Πρῆσίθηιία
1087 3555 1223 3617 aut
1271 3546 1841 3638 incompetentia
1870 3546 2091 3633 dotia,
2131 3548 2192 3616 si
2228 3565 2501 3634 nempe
2531 3545 2800 3616 femina

344 3672 494 3722 non
543 3655 820 3725 habeat
864 3661 1038 3725 actu
1086 3663 1369 3725 tantam
1417 3657 1689 3741 dotem,
1743 3660 1820 3725 ut
1867 3663 2225 3726 extraneo
2274 3654 2608 3742 aequalis
2640 3671 2808 3721 con-2

344 3763 657 3848 ditioniS,
707 3765 834 3852 qui
883 3783 1127 3853 neque
1174 3766 1787 3851 consanguineus
1820 3784 2065 3853 neque
2097 3764 2342 3834 affinis
2374 3763 2483 3847 sit,
2519 3763 2800 3832 nubere

343 3871 579 3956 possit
621 3870 695 3938 in
746 3872 1046 3958 proprio
1099 3871 1280 3958 locO,
1331 3874 1399 3940 in
1473 3891 1623 3960 quo
1693 3876 2227 3941 commoratur.
2299 3872 2506 3952 Quae
2574 3888 2796 3938 causa

348 3977 588 4065 magis
637 3984 868 4066 urget,
919 3979 981 4047 si
1031 3978 1302 4049 mulier
1347 3979 1644 4067 penitus
1693 3980 2013 4049 indotata
2064 3979 2350 4061 existat,
2394 3985 2468 4047 et
2497 3996 2808 4047 consan-

344 4084 665 4171 guineus
716 4085 829 4155 vel
879 4084 1126 4156 affinis
1174 4106 1341 4156 eam
1394 4087 1463 4154 in
1517 4105 1835 4184 uigorem
1888 4088 2184 4173 ducere,
2233 4087 2614 4156 autetiam
2639 4103 2804 4154 con-

346 4193 726 4262 venienter
773 4212 872 4262 ex
918 4194 1203 4282 integro
1251 4195 1510 4264 dotare
1557 4200 1867 4281 paratus
1915 4194 2024 4262 sit.

474 4302 539 4369 4.
597 4299 790 4370 Lites
835 4320 1066 4389 super
1112 4299 1571 4370 successione
1617 4299 1983 4369 bonoram
2031 4299 2186 4369 iam
2234 4305 2609 4385 eoeortae,
2689 4302 2796 4370 ve]

346 4406 787 4477 earumdem
829 4425 1068 4495 ῃναυθ
1113 4414 1243 4478 aut
1289 4406 1676 4477 imminens
1718 4407 2159 4496 periculum.
2209 4407 2282 4477 Si
2333 4407 2600 4476 mulier
2647 4426 2804 4492 gra—

349 4533 515 4584 vem
567 4514 767 4584 litem
823 4534 1055 4603 super
1124 4517 1604 4586 successione
1675 4516 2050 4584 bonorum
2124 4517 2373 4603 magni
2448 4522 2804 4582 momenti

347 4622 779 4709 substineat,
830 4642 1073 4711 neque
1120 4622 1334 4694 adest
1377 4623 1590 4707 aliuS,
1641 4622 1768 4710 qui
1818 4623 2014 4691 litem
2080 4621 2507 4692 huiusmodi
2582 4622 2650 4688 in
2722 4638 2804 4686 aa
