3509 5317
703 512 855 570 „73-

157 652 335 722 catholica
362 653 613 736 perversionis
638 651 856 739 periculum,
874 650 962 738 quin
994 650 1070 717 imo
1094 649 1299 719 catholicus
1314 651 1394 737 ipse

157 760 296 829 coniux
330 759 445 828 teneri
468 778 511 828 se
535 759 627 830 sciat
648 760 696 828 ad
724 758 974 828 acatholicum
1000 775 1068 844 pro
1094 757 1234 825 viribus
1264 757 1313 826 ab
1337 776 1394 826 er-

157 884 241 935 rore
266 866 549 952 retrahendum3
565 904 587 915 -
609 867 646 935 2⁰
664 873 702 936 ut
723 864 881 935 infantes
902 866 1096 951 utriusque
1119 882 1238 933 sexus
1253 883 1303 932 ex
1321 883 1395 934 ma·

158 972 329 1042 trimonio
354 973 541 1058 nascituri,
565 974 602 1040 in
628 974 804 1062 religione
836 972 1018 1042 catholica
1049 970 1234 1040 educandi
1258 971 1395 1058 sint,-

157 1080 193 1149 3⁰
218 1085 257 1148 ut
278 1081 326 1149 sit
348 1081 440 1150 ratio
463 1082 589 1169 gravis
606 1080 627 1144 ¹.

226 1191 280 1257 12.
306 1190 431 1269 Quum
455 1196 581 1259 autem
619 1189 824 1259 intercessit
857 1189 1082 1275 apostolicae
1106 1188 1214 1257 Sedis
1249 1187 1395 1274 dispen-

158 1295 269 1382 sali0,
294 1297 485 1383 parochus
510 1297 601 1366 licite
637 1303 757 1384 potest
779 1297 897 1365 mixto
922 1297 1098 1367 assistere
1131 1296 1315 1384 coniugio.
1341 1296 1392 1365 lta

161 1402 259 1471 enim
289 1402 325 1471 S.
350 1403 387 1472 C.
411 1404 575 1491 Inquisit.
599 1404 646 1474 ad
683 1406 780 1472 hauc
816 1403 1074 1490 quaestionem
1112 1402 1302 1489 respondit
1336 1400 1394 1470 die

159 1511 203 1578 20
226 1509 439 1580 decembris
462 1512 567 1581 1838:
597 1510 668 1580 «Si
694 1511 806 1580 altera
832 1529 923 1598 pars
957 1511 1005 1578 sit
1026 1509 1221 1594 catholica,
1245 1508 1394 1576 obtenta

158 1616 437 1703 dispensatione
460 1618 509 1688 ab
532 1618 799 1705 impedimento
823 1620 963 1687 mixtae
991 1616 1188 1702 religionis
1214 1620 1250 1684 et
1273 1633 1396 1684 serva·
1452 1613 1454 1617 ’

158 1723 204 1793 tis
228 1725 347 1794 solitis
369 1726 550 1795 clausulis
574 1736 610 1796 et
634 1726 920 1811 conditionibus,
947 1726 1103 1795 licere».

226 1832 285 1901 Ad
310 1834 602 1905 benedictionem
627 1835 727 1921 quod
763 1835 900 1918 attinet,
925 1835 1031 1906 citata
1069 1833 1275 1916 instructio,
1300 1830 1396 1900 edita

159 1957 228 2025 pro
251 1941 436 2010 austriaca
467 1941 623 2024 Didone,
657 1941 750 2010 hoec
784 1941 917 2011 hahet:
958 1941 1156 2011 «Ecclesia
1194 1939 1397 2009 detestatur

160 2043 328 2114 fidelium
352 2065 439 2115 cum
465 2048 642 2135 apostatis
665 2049 855 2137 coniugia3
883 2048 1070 2135 improbat
1092 2065 1244 2135 otioque
1278 2043 1399 2114 matri·

158 2154 285 2223 monia
310 2154 403 2224 inter
426 2157 629 2225 catholicos
652 2162 686 2224 el
702 2174 777 2223 non
802 2154 1017 2247 catholicos,
1036 2160 1072 2223 el
1086 2153 1136 2222 nb
1155 2153 1203 2222 iis
1223 2150 1397 2221 ineundis

159 2279 252 2330 suos
277 2260 502 2332 dehortatur.
525 2297 548 2310 -
571 2263 678 2343 Quod
702 2263 733 2330 si
757 2267 883 2331 tamen
910 2262 981 2330 hoc
1004 2279 1079 2328 non
1104 2260 1274 2330 obstante
1302 2260 1396 2327 inter

160 2368 362 2438 catholicos
396 2375 433 2439 el
463 2370 690 2440 acatholicos
725 2370 1005 2439 matrimonium
1041 2369 1301 2451 contrahatur,
1326 2365 1397 2435 nisi

162 2477 356 2565 utriusque
387 2496 505 2547 sexus
539 2477 700 2565 prolium
736 2478 915 2549 catholica
940 2478 1110 2549 educatio
1146 2480 1395 2560 assecuretur,

162 2585 328 2656 Ecclesia
366 2586 526 2675 denegat
558 2587 769 2675 insignum
805 2587 1079 2675 reprobationis
1109 2585 1244 2655 talibus
1279 2583 1399 2654 matri-

164 2692 300 2761 moniis
324 2692 618 2763 benedictionem
644 2694 936 2781 saoerdotalem3
961 2700 1073 2782 atque
1096 2699 1161 2764 aut
1178 2693 1328 2781 passive
1343 2710 1399 2760 so

163 2799 239 2870 lum
276 2800 474 2871 assistente
508 2801 687 2871 catholico
725 2803 903 2889 parocho,
931 2820 1060 2871 coram
1097 2819 1141 2869 eo
1176 2807 1213 2869 et
1243 2799 1398 2869 testibus

164 2910 362 2979 enuncialo
387 2928 453 2995 per
477 2915 602 2997 partes
630 2927 818 2979 consensu
853 2910 1134 2979 matrimonium
1157 2908 1397 2992 contrahitur,

162 3024 227 3087 aut
252 3037 342 3088 vero
365 3036 493 3088 coram
511 3018 679 3087 Ministro
703 3016 965 3088 confessionali
989 3016 1221 3088 acatholico²
1246 3016 1282 3084 in
1300 3016 1400 3083 Hun-

161 3124 348 3213 gerlasio
369 3126 685 3195 consentientibus
711 3127 886 3211 partibus,
906 3125 1111 3195 instituitur.
1128 3161 1150 3173 -
1173 3123 1322 3194 Clericis
1337 3142 1400 3192 au·

163 3235 237 3302 tem
264 3232 543 3302 matrimonium
572 3251 660 3301 eum
687 3233 881 3302 haereticis
905 3233 1077 3302 absolute
1101 3231 1319 3320 prohibetur
1341 3248 1398 3298 ca·

165 3359 266 3450 rmne
289 3340 379 3409 XIV
402 3339 550 3409 Concilii
574 3340 922 3409 Chalcedonensis»
942 3337 965 3408 ³.
1012 3391 1015 3398 .

128 3524 134 3534 ,
236 3449 289 3516 13.
314 3451 362 3515 At
389 3448 570 3534 quamuis
594 3466 654 3530 ea,
679 3467 778 3534 uuae
813 3447 861 3516 de
885 3447 1045 3516 Ecclesia
1083 3452 1119 3515 et
1145 3446 1399 3516 benedictione

163 3557 317 3644 parochi
335 3557 369 3624 in
388 3557 572 3644 eiusmodi
598 3558 736 3625 mixtae
760 3556 948 3644 roligionis
971 3555 1152 3640 coniugiis
1170 3557 1238 3622 uu.
1254 3555 1398 3640 docent,

162 3665 208 3733 ad
229 3664 419 3733 ‘amussim
435 3670 646 3751 congruant
661 3659 749 3731 cur’n
765 3661 1069 3731 instructionibus
1086 3679 1130 3729 ac
1147 3660 1399 3730 decisionibus
1508 3650 1512 3658 ’

161 3771 196 3841 S.
214 3771 252 3841 C.
274 3770 532 3859 inquisitionis
556 3778 681 3839 tamen
707 3769 956 3838 ecclesiastica
981 3770 1074 3837 haec
1098 3767 1299 3853 disciplina,
1329 3786 1398 3855 pro

161 3898 289 3949 rerum
312 3878 506 3961 adiunctis,
531 3878 781 3965 exceptiones,
795 3878 868 3964 pati
894 3882 1015 3968 potest
1039 3876 1166 3962 vigore
1190 3874 1321 3942 citatae
1345 3873 1400 3941 In-

227 4051 238 4088 ¹
262 4049 328 4110 on.
348 4049 506 4109 Benedici.
525 4047 599 4107 XIV
621 4048 668 4105 De
690 4047 820 4121 Synodo
844 4045 899 4105 lit.
929 4043 960 4103 9.
987 4063 1060 4119 cop.
1088 4041 1120 4103 3.
1150 4061 1186 4102 n.
1206 4043 1237 4101 5.
1261 4075 1299 4088 -
1321 4043 1399 4102 Vide

159 4149 256 4208 etiam
278 4148 310 4206 in
327 4147 501 4223 Appendice
521 4144 646 4205 5huius
669 4146 771 4222 operis
791 4144 1054 4202 [astructionem
1075 4160 1153 4218 quae
1175 4141 1303 4219 incipit:
1328 4141 1402 4200 Etsi

161 4244 412 4311 Sanctissimae,
426 4244 509 4303 iussu
531 4244 581 4303 Pii
605 4242 649 4302 IX
673 4242 712 4301 ad
734 4259 838 4302 omues
859 4258 1018 4301 sacrorum
1037 4239 1209 4300 Antistiles
1230 4239 1324 4298 missa
1346 4239 1401 4298 sub

165 4345 213 4403 die
237 4342 276 4402 15
298 4342 474 4402 novembris
499 4339 586 4400 1858.
1137 4396 1141 4404 ,

230 4441 323 4502 lHie
346 4442 496 4502 historice
517 4441 701 4500 enunciatur
730 4438 859 4509 factum,
890 4438 969 4513 quod
1000 4442 1104 4496 tamen
1132 4437 1271 4496 Ecclesia
1293 4437 1402 4496 nedum

166 4559 224 4600 uon
247 4542 409 4618 approbat,
433 4539 486 4599 sed
507 4556 562 4598 neo
583 4539 710 4598 tolerat.

230 4637 243 4676 ³
265 4639 353 4717 Apud
375 4637 625 4716 Papp-Szilagyi
650 4637 671 4695 l.
694 4655 722 4694 o.
747 4636 766 4711 5
793 4632 869 4695 102.
894 4650 988 4710 papst.
1014 4633 1188 4694 439-440.
