3509 5317
1360 515 1718 575 —319—

308 650 482 738 iuge
532 651 603 718 in
651 651 1005 738 pertinaci
1051 653 1520 723 contumacia
1571 658 1953 739 manente,
2002 653 2275 740 aliique
2327 657 2551 723 testes
2612 660 2766 724 tum

309 778 352 828 a
403 766 633 847 parte,
682 765 841 830 tum
891 779 931 830 a
981 759 1216 830 fiscali
1265 767 1697 848 promotore
1743 769 1816 832 et
1875 762 2324 832 matrimonii
2379 761 2769 834 defenser-*1

308 866 584 937 inducti
600 888 618 955 3
668 869 1019 938 iudicium
1068 869 1430 955 septimae
1477 888 1755 939 manus
1803 870 2257 958 exquisitum
2316 872 2510 950 circa
2572 891 2769 940 ven-:1-

308 974 601 1044 citatem
650 977 934 1047 iuratae
979 975 1456 1063 depositionis
1503 975 1859 1047 iudicialis
1891 996 1934 1046 a
1968 978 2286 1066 coniuge
2318 977 2769 1048 reclamai·1t=›

308 1083 677 1170 prolatae3
728 1084 1083 1168 inspectio
1131 1085 1466 1170 corporis
1514 1084 1846 1154 mulieris
1893 1083 2216 1155 adbibita
2264 1087 2358 1155 ad
2428 1086 2761 1156 eiusdem

307 1191 801 1280 virginitatem
851 1191 1421 1279 explorandam,
1470 1191 1695 1278 idque
1729 1191 1868 1261 illis
1899 1192 2253 1261 omnibus
2284 1192 2611 1278 cautelis,
2649 1196 2713 1260 ol
2733 1223 2769 1256 1-

305 1300 875 1386 servationibus,
924 1298 1532 1369 instructionibus
1577 1303 1649 1368 et
1693 1299 1997 1386 iudiciis,
2048 1300 2462 1369 iuramento
2524 1299 2769 1369 firm-³-

306 1410 415 1495 tis,
467 1409 898 1496 peritorum,
947 1426 1142 1496 quos
1189 1406 1538 1494 probitas,
1596 1407 1898 1478 scientia
1961 1413 2034 1476 et
2098 1408 2356 1494 praxis
2429 1412 2769 1478 maxim:

303 1516 958 1587 commendabant.
2319 1521 2331 1529 “

436 1628 503 1694 9.
556 1625 689 1693 His
736 1624 1089 1693 omnibus
1135 1622 1602 1693 iudicialibus
1649 1624 1832 1708 actis
1882 1624 2015 1693 rite
2061 1624 2441 1711 absolutis,
2486 1646 2529 1695 a
2563 1628 2769 1694 vil-21ss

306 1734 413 1801 rio
463 1731 793 1821 generali
841 1731 1246 1819 iniungitur
1294 1736 1453 1799 tum
1498 1731 1688 1810 ,Fisci
1737 1736 2051 1817 patrono
2100 1735 2172 1800 et
2198 1733 2585 1803 validitatis
2621 1756 2765 1804 ma.-

302 1839 626 1910 trimonii
677 1837 1069 1925 defensori,
1118 1844 1279 1909 tum
1326 1839 1693 1908 advocato
1743 1839 1986 1920 Iuliae,
2041 1849 2117 1908 ut
2162 1841 2645 1912 deductiones¹
2701 1848 2761 1908 in

304 1966 540 2018 causa
589 1946 1183 2017 conclusionales
1217 1965 1450 2034 penes
1475 1951 1661 2017 Acta
1710 1947 2130 2033 exhibeant,
2181 1954 2254 2018 et
2297 1968 2476 2019 reus
2522 1964 2765 2019 contu-

304 2073 490 2126 max
539 2056 764 2124 etiam
811 2074 946 2141 per
992 2055 1316 2124 edictum
1363 2054 1802 2141 requiratur.
1866 2055 1997 2123 Cui
2044 2055 2342 2125 decreto
2408 2057 2606 2127 nulla
2677 2060 2766 2124 in-

303 2163 611 2231 teriecta
657 2181 892 2249 mora,
942 2161 1061 2232 die
1122 2181 1397 2248 nempe
1455 2166 1729 2231 statuta
1771 2164 1861 2231 25
1921 2162 2269 2233 februarii
2333 2166 2536 2250 1869,
2601 2168 2762 2232 nin-.-

304 2267 515 2338 diunt
561 2275 830 2356 partes,
879 2288 1072 2357 quas
1121 2271 1308 2338 inter
1354 2269 1441 2338 lis
1471 2268 1712 2340 fuerat
1740 2275 2165 2357 contestata,
2201 2290 2288 2341 ea
2321 2276 2569 2341 tamen
2600 2292 2765 2340 ctat}-

303 2379 523 2446 traria
582 2378 862 2447 ratione
908 2398 1051 2465 qua
1105 2378 1476 2466 quaelibet
1520 2379 1616 2447 ab
1664 2377 1908 2447 officio
1956 2383 2309 2464 suscepto
2371 2378 2761 2449 ferebatur.

440 2492 550 2559 10.
602 2489 853 2575 Itaque
900 2489 994 2557 ad
1047 2506 1391 2556 normam
1443 2488 1555 2555 cit.
1618 2486 2136 2557 Benedictinae
2184 2486 2761 2560 Constitutionia.

307 2596 703 2666 validitatis
787 2595 1238 2666 matrimonii
1308 2595 1656 2667 defensor
1724 2594 2248 2665 animadvertit
2324 2597 2757 2683 praecipue:

308 2704 662 2775 actricem
714 2723 884 2774 sero
933 2706 1321 2775 incusasse
1370 2722 1602 2791 penes
1651 2703 2231 2774 ecclesiasticam
2281 2703 2578 2774 Curiam
2637 2708 2761 2768 viri

304 2812 842 2899 impotentiam,
892 2814 1092 2882 unde
1140 2813 1504 2899 suspicari
1550 2811 1664 2882 fas
1713 2830 1884 2881 esse
1930 2811 2367 2897 arbitratur,
2415 2812 2765 2897 impoten-

305 2919 479 2989 tiam
531 2937 683 2987 non
733 2921 1239 3007 praecessisse
1288 2919 1871 3005 matrimonium,
1919 2922 2054 2989 sed
2103 2919 2673 3004 supervenisset·
2727 2960 2761 2964 —

304 3026 811 3114 depositiones
843 3028 1122 3097 iuratas
1147 3029 1470 3097 duorum
1512 3029 1806 3097 testium
1841 3028 2202 3114 septimae
2237 3044 2532 3114 manuS,
2568 3046 2765 3096 nattu-

305 3151 396 3219 pe
445 3132 817 3203 Eusebiae
864 3139 936 3203 et
981 3135 1257 3221 Catulli,
1308 3135 1420 3205 illa
1473 3135 1623 3205 iam
1670 3135 2119 3204 cubicularia
2156 3135 2414 3204 matris
2446 3133 2612 3219 Caii,
2653 3135 2765 3200 lli:r

305 3241 767 3310 domesticus
812 3239 960 3328 filii,
1009 3246 1421 3312 contrarias
1469 3262 1640 3314 esse
1686 3243 2126 3331 depositioni
2179 3243 2402 3313 Iuliae
2428 3263 2445 3329 ;
2517 3280 2560 3292 -
2608 3262 2765 3328 pra·-

306 3345 648 3416 bationes
711 3348 1139 3436 virginitatis
1199 3369 1297 3419 ex
1360 3350 1675 3420 ‘rudiciali
1736 3350 1989 3436 peritia
2059 3350 2421 3420 deductas
2489 3350 2765 3419 nulliufa

305 3455 666 3524 momenti
715 3474 905 3543 esse,
956 3459 1233 3544 quippe
1279 3457 1598 3528 fallibilia
1648 3462 1718 3527 et
1750 3459 2031 3527 incerta
2065 3459 2496 3545 virginitatis
2531 3459 2761 3548 Sigl'lil„

306 3564 374 3628 et
420 3561 867 3647 praesertim
914 3564 1161 3649 quoad
1213 3564 1649 3652 hymenem3
1698 3601 1741 3613 -
1790 3570 2014 3633 testes
2064 3566 2470 3650 productos
2518 3568 2757 3636 testari

304 3667 611 3754 quidem
661 3669 755 3738 de
802 3669 1097 3757 publica
1147 3690 1330 3740 voce
1375 3691 1607 3760 super
1678 3672 1810 3739 viri
1868 3673 2316 3760 impotentia,
2365 3679 2440 3742 at
2501 3692 2757 3742 eorum

305 3775 685 3844 neminem
736 3776 936 3846 clare
983 3796 1365 3873 exponere
1395 3780 1744 3849 scientiae
1777 3797 2112 3865 causam,
2148 3779 2612 3867 dubiumque
2649 3784 2765 3848 asi*

306 3880 454 3950 huc
503 3900 814 3953 manere
861 3884 958 3953 ab
1004 3892 1318 3954 externa
1366 3886 1703 3973 corporis
1750 3885 2337 3956 conformatione
2368 3887 2535 3972 Caii,
2568 3905 2761 3973 qume

307 3988 594 4057 virilem
646 3991 1043 4076 potentiam
1094 3992 1367 4072 adesse
1412 3994 1708 4077 suadet3
1773 4029 1814 4040 -
1873 3993 2140 4062 deesse
2195 3994 2492 4062 tandem
2562 3996 2761 4060 trien-

307 4095 476 4163 nale
527 4098 1127 4184 experimentum
1178 4118 1276 4167 ex
1322 4118 1485 4186 cap.
1534 4097 2013 4185 laudabilem,
2066 4097 2157 4168 de
2187 4098 2450 4188 friyz‘d.
2497 4104 2570 4167 et
2612 4120 2761 4164 mm·-

307 4199 426 4290 les.
475 4206 1045 4292 praescriptum.
1097 4242 1140 4254 -
1189 4209 1443 4277 Relate
1473 4215 1725 4277 autem
1759 4207 1853 4276 ad
1889 4206 2309 4293 petitionem
2344 4205 2761 4294 pontific-1:112.

307 4308 879 4397 dispensationis
925 4331 1158 4401 super
1206 4314 1681 4383 matrimonio
1730 4322 1890 4383 rato
1924 4319 1995 4382 et
2027 4332 2176 4381 non
2211 4324 2757 4396 consummaui,

308 4434 536 4502 quarn
588 4419 790 4506 apud
842 4439 898 4488 s.
950 4420 1219 4491 Sedem
1272 4421 1370 4490 ab
1417 4421 1807 4490 Ordinario
1862 4421 2377 4493 commendari
2447 4424 2761 4510 postulu-

309 4520 435 4592 bat
479 4525 772 4594 actricis
818 4532 1278 4614 procurator,
1332 4528 1718 4598 validitatis
1767 4528 2217 4596 matrimonii
2265 4527 2612 4599 defensor
2649 4532 2761 4596 tiv-

311 4629 561 4718 clarat‚
610 4631 859 4702 nullas
904 4635 1044 4703 sibi
1093 4634 1418 4704 rationes
1450 4639 1873 4723 suppetere,
1908 4640 1989 4704 ut
2016 4655 2101 4705 se
2132 4642 2482 4724 opponat:
2530 4637 2761 4705 imum
