3509 5317
883 467 1038 528 -56-

345 599 449 668 renio
474 599 484 636 ²
509 605 706 689 testantur,
738 603 785 674 ita
822 603 939 675 luisse
968 627 990 677 a
1015 606 1128 677 Sacra
1155 608 1452 698 congregatione
1483 611 1575 682 deci·

343 724 430 775 sum
446 725 453 774 :
472 727 491 772 s
507 708 795 797 praesupposita
813 710 1061 784 declaratione
1078 734 1146 801 per
1158 715 1462 788 Constitutionem
1481 719 1573 787 PiiV

345 832 460 900 super
484 816 556 887 hoc
579 818 728 888 decreto
753 816 904 903 (seilicet
925 839 1014 890 sess.
1037 823 1097 891 24.
1122 843 1151 892 e.
1175 824 1206 893 3.
1223 822 1270 893 de
1285 824 1484 915 reformat.
1500 847 1574 896 ma·

347 919 459 1008 trim.)
483 926 628 995 censuit
657 926 905 1016 congregatio
939 929 1025 997 oriri
1058 925 1366 1018 impedimentum
1402 933 1574 1021 publicae

345 1028 551 1101 honestatis
574 1051 624 1103 ex
648 1034 890 1121 sponsalibus
910 1054 982 1124 per
1018 1034 1133 1106 cerba
1155 1035 1202 1106 de
1233 1038 1430 1127 praesenti
1461 1041 1575 1110 etiam

346 1135 710 1210 nutltteraontractis
738 1142 880 1213 omissa
907 1141 1028 1233 torma
1046 1144 1248 1215 Tridentini
1272 1139 1366 1216 sess.
1378 1149 1433 1216 24.
1457 1152 1530 1217 cl.
1544 1172 1574 1216 s.

414 1246 553 1334 Excipe
576 1254 702 1318 tamen
727 1251 883 1319 eosdem
918 1269 1031 1320 casus
1066 1253 1193 1323 aiure
1227 1254 1379 1341 antiquo
1415 1254 1576 1326 decreta·

346 1356 435 1425 lium
462 1374 529 1443 pro
552 1347 795 1445 sponsalibus
819 1363 976 1445 notatos,
1001 1377 1139 1447 nempe
1165 1361 1199 1428 1ο
1224 1362 1253 1430 si
1278 1362 1418 1432 oriatur
1452 1363 1576 1433 invali-

346 1464 442 1534 ditas
464 1483 518 1533 aa>
541 1463 689 1554 defectu
711 1482 928 1550 consensus,
956 1469 996 1535 ut
1018 1467 1048 1535 si
1075 1468 1353 1538 matrimonium
1371 1488 1422 1538 ex
1436 1488 1573 1556 errore,

347 1572 405 1642 vel
429 1590 478 1641 ax
502 1579 613 1658 metu,
638 1580 704 1641 aut
727 1571 813 1642 fleto
836 1591 1027 1643 consensu
1052 1573 1180 1643 initum
1203 1574 1331 1661 luerit;
1355 1614 1379 1625 -
1401 1578 1438 1646 2⁰
1466 1578 1496 1646 si
1525 1579 1576 1646 in·

348 1679 517 1749 validitas
528 1680 752 1750 matrimonii
770 1679 934 1767 profluat
961 1699 1010 1750 ax
1033 1679 1164 1769 priore
1189 1683 1575 1769 publicaehouestatis

345 1787 623 1874 impedimenta,
648 1794 729 1858 orto
752 1807 802 1857 ex
817 1787 1053 1878 sponsalibus
1070 1788 1196 1859 auide
1208 1791 1440 1878 contractis5
1463 1812 1577 1863 secus

347 1898 456 1965 enim
471 1897 631 1967 alterum
654 1898 894 1968 induceretur
917 1899 1227 1985 impedimentum
1251 1901 1286 1968 in
1304 1901 1574 1988 praeiudicium

346 2004 515 2091 priorum
539 2005 785 2092 sponsalium,
810 2012 847 2075 et
861 2009 963 2075 esset
977 2005 1261 2092 retroactiuum,
1280 2014 1410 2078 contra
1426 2027 1578 2096 expres·

347 2130 430 2183 sam
466 2111 638 2182 Bonitacii
663 2113 747 2181 Vlll
782 2112 1036 2183 definitionem
1061 2112 1083 2181 ².
1107 2151 1130 2163 -
1154 2115 1248 2184 Hinc
1271 2115 1302 2184 si
1327 2115 1438 2185 Caius
1463 2136 1497 2183 v.
1521 2135 1575 2204 gr.

347 2221 536 2308 sponsalia
564 2220 683 2291 valide
708 2221 826 2290 inierit
847 2239 936 2290 cum
970 2220 1214 2307 Sempronia,
1250 2241 1296 2292 ac
1330 2223 1415 2294 dein
1452 2224 1576 2293 relicta

346 2346 485 2414 sponsa
510 2329 790 2398 matrimonium
814 2345 904 2397 cum
927 2328 1097 2398 eiusdem
1120 2347 1251 2399 sorore
1274 2331 1512 2416 contraxerit
1527 2331 1574 2401 ad

347 2435 610 2524 Semproniam
635 2435 755 2504 redire
779 2440 912 2522 potest,
935 2436 1013 2504 imo
1037 2437 1148 2506 dehet
1171 2434 1205 2522 ⁸;
1238 2456 1307 2507 neo
1335 2436 1410 2508 ulla
1441 2438 1578 2526 indiget

277 2579 279 2586 .
349 2542 634 2629 dispensatione,
658 2542 728 2612 nisi
753 2561 803 2611 ex
818 2543 953 2629 copula
970 2561 1058 2612 cum
1073 2548 1315 2631 praesumpta
1331 2546 1491 2633 coniuge
1504 2543 1577 2614 affi-

348 2649 500 2720 nitatem
523 2670 612 2720 cum
637 2651 861 2738 Sempronia
884 2652 1121 2721 contraxerit.

415 2763 447 2830 8.
465 2761 566 2828 Haec
582 2758 777 2845 explorata
793 2757 944 2846 quidem
961 2765 1060 2828 sunt.
1077 2761 1124 2827 At
1143 2778 1231 2829 vero
1247 2760 1341 2829 inter
1352 2761 1577 2829 recentiores

348 2873 384 2939 et
407 2869 443 2936 in
467 2867 764 2955 praesentiarum
789 2867 922 2937 acriter
946 2866 1194 2954 disceptatum
1218 2874 1285 2954 est,
1310 2887 1358 2938 an
1382 2885 1433 2937 ex
1448 2866 1577 2948 matri·

348 2974 472 3044 monio
494 2971 606 3058 etuti,
634 2979 673 3043 ut
696 2973 784 3043 illud
809 2974 1008 3060 appellant,
1032 2993 1101 3045 seu
1126 2975 1214 3044 inito
1238 2992 1368 3044 coram
1393 2974 1489 3044 civili
1507 2993 1579 3043 ma·

348 3084 514 3172 gistratu,
540 3086 740 3151 enascatur
764 3081 935 3167 publicae
959 3082 1165 3151 honestatis
1200 3081 1522 3168 impedimentum.
1557 3117 1577 3129 -

349 3192 390 3259 ln
414 3210 489 3278 qua
513 3189 741 3277 quaestione,
768 3189 818 3258 uti
843 3195 989 3258 veteres
1024 3189 1185 3278 theologi
1219 3199 1257 3258 et
1290 3188 1506 3259 canonistas
1540 3188 1575 3255 in

349 3299 474 3368 varias
497 3298 670 3368 abierunt
691 3296 895 3366 sententias
919 3297 965 3365 de
990 3296 1162 3384 publicae
1190 3295 1396 3366 honestatis
1430 3294 1579 3382 impedi·
1658 3296 1662 3302 '

350 3410 476 3474 mento
500 3403 761 3491 disceptantes
786 3423 832 3473 an
858 3403 957 3472 istud
981 3404 1150 3474 videlicet
1171 3423 1221 3474 ex
1243 3399 1478 3473 amadestino
1514 3402 1580 3471 ori·

350 3517 452 3582 retur
475 3511 648 3600 coniugio
661 3529 670 3598 3
695 3510 743 3579 ita
767 3515 803 3581 et
826 3513 1063 3596 recentiores
1087 3529 1135 3579 an
1160 3529 1210 3580 ex
1232 3509 1336 3579 ciuili.
1373 3509 1442 3578 Alii
1479 3510 1577 3579 enim

350 3639 400 3691 ex
423 3620 481 3688 his
504 3637 625 3705 nuper
649 3617 749 3706 apud
774 3618 810 3686 S.
835 3617 1168 3706 congregationem
1194 3617 1341 3687 Concilii
1365 3617 1412 3686 de
1437 3617 1508 3685 hac
1533 3616 1582 3685 di·

350 3731 562 3814 sceptantes
584 3725 803 3812 quaestione
828 3722 1077 3809 affirmabant,
1102 3724 1161 3793 alii
1185 3724 1383 3812 negabant
1408 3723 1468 3792 alii
1491 3740 1580 3791 vero

349 3833 626 3920 distinguebant
649 3830 813 3919 quidem,
838 3837 1022 3901 ettamen
1048 3850 1117 3918 pro
1142 3832 1313 3919 negativa
1352 3829 1579 3917 apostolicae

350 3939 457 4010 Sedis
480 3939 729 4009 declaratione
753 3936 1069 4024 suffragabantur.
1094 3940 1137 4007 Et
1160 3938 1354 4008 videbatur
1378 3937 1480 4023 quod
1504 3954 1578 4005 non

351 4065 427 4116 una
451 4045 660 4132 eademque
684 4054 784 4113 esset
807 4043 975 4130 ipsarum
1000 4062 1195 4115 sacrarum
1227 4044 1340 4114 Urbis
1374 4043 1581 4130 Congrege-

350 4153 494 4223 tionum
518 4151 653 4239 opinis.

419 4296 429 4333 ¹
451 4294 621 4355 Laurauius
643 4294 697 4352 lib.
721 4291 753 4353 4.
778 4295 826 4353 ut.
847 4297 878 4354 1.
897 4301 1021 4369 quaest.
1046 4294 1114 4352 III.
1139 4314 1173 4354 u.
1198 4300 1231 4354 3.

416 4391 429 4430 ²
451 4393 524 4470 Gap.
541 4391 622 4451 uuio.
649 4410 691 4450 err
712 4393 934 4466 sponsaltbus,
950 4393 989 4450 cte
1013 4393 1223 4467 sponsalibus
1246 4394 1283 4450 ia
1301 4389 1342 4452 ’6.
1360 4423 1398 4437 -
1415 4390 1481 4451 cn.
1506 4392 1583 4451 Leu-

353 4491 472 4550 renium
496 4493 553 4550 loc.
577 4492 632 4549 cit.

419 4588 431 4626 ⁸
454 4588 514 4648 cit.
539 4605 606 4665 oap.
631 4607 672 4646 aa
694 4589 915 4664 sponsalibus,
937 4589 977 4647 de
997 4589 1141 4663 sponsal.
1169 4591 1206 4646 tn
1227 4587 1260 4648 6.
