3509 5317
1401 509 1712 571 ...59-

319 647 786 738 sponsalium
831 652 959 718 aut
1006 648 1078 716 in
1127 645 1509 736 sponsalia
1560 645 1653 713 de
1700 642 1951 713 futuro
2001 642 2439 730 resolvatur,
2490 663 2589 733 ex
2637 647 2788 731 qui-

318 758 464 827 bus
510 755 857 844 publicae
904 755 1316 826 honestatis
1366 753 1984 840 impedimentum
2037 751 2410 821 enascitur
2470 771 2560 821 ac
2630 752 2788 820 diri-

320 882 541 934 mens
590 862 1148 932 matrimonium
1201 881 1443 950 usque
1474 860 1571 929 ad
1607 860 1935 947 primum
1965 858 2292 944 gradum
2317 877 2334 944 ;
2360 895 2405 909 -
2437 860 2551 928 vel
2577 861 2651 928 2⁰
2688 879 2784 929 ex

318 990 407 1041 eo
457 968 662 1057 quod
715 970 1277 1039 matrimonium
1327 967 1538 1038 civile
1583 964 2084 1054 spectandum
2133 966 2228 1034 sit
2274 968 2370 1034 uti
2407 968 2784 1036 matrimo-

318 1078 531 1146 nium
579 1068 1158 1161 clandestinam,
1213 1095 1310 1144 ex
1360 1094 1511 1162 quo
1561 1073 2184 1160 impedimentum
2252 1073 2593 1159 publicae
2664 1074 2788 1141 ha*

316 1184 626 1254 nestatis
652 1202 895 1271 usque
949 1184 1045 1254 ad
1103 1196 1457 1271 quartum
1514 1182 1837 1269 gradum
1888 1179 2062 1248 oriri
2119 1182 2593 1250 communior
2636 1182 2780 1249 DD.

317 1290 682 1361 sententia
764 1289 1018 1377 docet,
1072 1296 1151 1359 ut
1222 1309 1466 1376 nuper
1530 1288 1883 1358 diximus.
1930 1325 1977 1334 —
2022 1287 2174 1357 Sed
2220 1294 2569 1357 neutrum
2647 1289 2780 1357 dici

318 1417 547 1487 posse
596 1398 890 1468 aiebant
935 1398 1161 1467 huius
1206 1398 1615 1467 sententiae
1661 1393 1972 1483 patroni.

449 1506 557 1573 11.
609 1507 697 1573 Et
737 1502 986 1594 primo
1056 1504 1362 1592 quidem
1411 1504 1549 1573 dici
1599 1504 1882 1590 nequit,
1935 1503 2492 1572 matrimonium
2564 1505 2776 1575 civile

318 1613 466 1680 vim
520 1611 1312 1698 habere'sponsalium
1350 1610 1466 1679 vel
1515 1610 1586 1677 in
1635 1608 2014 1696 sponsalia
2062 1610 2400 1680 transire.
2456 1612 2553 1682 Ut
2586 1611 2784 1681 enin]

317 1721 838 1792 animadvertit
900 1721 1451 1791 Lambertinius
1496 1720 1562 1786 ²:
1629 1740 1666 1782 «
1700 1721 2088 1789 Assensus
2157 1719 2253 1789 de
2302 1718 2556 1789 futuro
2630 1739 2780 1790 non

317 1839 640 1901 «autem
690 1829 784 1900 de
833 1829 1200 1917 praesenti
1272 1828 1652 1915 sponsalia
1701 1828 2092 1896 constituit.
2143 1828 2264 1897 Sic
2311 1847 2400 1897 ea
2448 1825 2784 1898 definivit

316 1958 353 2000 «
383 1935 743 2005 Nicolaus
788 1934 1125 2005 Pontifex
1171 1953 1347 2005 cum
1382 1935 1725 2022 Bulgaris
1773 1933 2166 2002 consilium
2218 1933 2641 2020 petentibus
2677 1954 2784 2003 re-

317 2067 353 2108 «
384 2063 757 2132 sponsum
791 2043 1043 2114 ferret:
1094 2042 1762 2132 Santfatararam
1808 2040 2256 2129 nuptiarum
2304 2040 2784 2130 promissio&

316 2174 353 2216 «
387 2153 598 2221 Idem
646 2153 865 2222 docet
917 2152 990 2222 S.
1023 2152 1359 2221 Thomas
1392 2173 1428 2214 »
1466 2148 1511 2218 ⁸.
1586 2152 1673 2219 Et
1727 2150 2094 2220 contraria
2145 2150 2503 2219 sententia
2540 2150 2640 2219 ab
2675 2171 2788 2221 ec]-

311 2261 486 2329 dem
537 2259 956 2346 appellatur
1002 2276 1199 2326 nova
1269 2256 1594 2337 insania,
1642 2275 1837 2345 quae
1887 2254 2001 2325 vel
2046 2254 2144 2324 ab
2193 2254 2623 2345 ignorantia
2673 2259 2784 2327 vet

310 2388 359 2436 a
406 2366 699 2436 malitia
744 2362 1287 2456 proficiscitur,
1333 2364 1728 2453 eidemque
1777 2365 2186 2434 sententiae
2235 2384 2616 2453 nusquam
2663 2386 2788 2435 aa*

317 2481 459 2545 tem
513 2473 980 2565 propositae,
1017 2473 1276 2563 salsae
1325 2472 1719 2543 doetrinae
1768 2478 2022 2542 notam
2073 2474 2296 2543 inurit
2328 2472 2371 2538 ⁸.
2440 2475 2784 2545 Ceterum

309 2583 657 2672 pluribus
702 2582 775 2652 S.
811 2582 884 2652 C.
936 2582 1230 2652 Concilii
1278 2581 1855 2652 resolutionibus
1900 2579 2368 2650 declaratum
2418 2579 2583 2667 fuit,
2640 2602 2788 2651 ma*

309 2693 656 2790 trimonia
708 2692 803 2761 de
857 2690 1232 2778 praesenti
1279 2689 1480 2758 nulla
1545 2708 1644 2759 ex
1689 2686 1981 2760 defectu
2049 2688 2336 2758 formae
2384 2710 2427 2760 a
2478 2690 2784 2762 Triden-

309 2802 453 2880 tina
538 2801 846 2889 Synodo
913 2798 1461 2887 praescriptae,
1507 2816 1643 2866 nee
1714 2794 1865 2866 vim
1936 2794 2213 2866 habere
2282 2799 2784 2887 sponsalium,

303 2927 439 2977 nee
485 2907 565 2975 in
611 2904 1003 2995 sponsalia
1078 2904 1405 2974 transire
1463 2903 1504 2967 ⁵.
1581 2906 1861 2991 Excipe
1939 2906 2510 2975 matrimonium
2561 2907 2792 2994 impu-

313 3012 583 3082 berum
635 3030 769 3098 per
816 3012 1043 3081 verba
1094 3012 1188 3081 de
1236 3012 1610 3098 praesenti
1683 3012 1963 3097 initum,
2019 3011 2219 3098 quod
2292 3031 2450 3081 non
2504 3033 2637 3102 per
2685 3034 2788 3095 se.

309 3119 439 3188 sed
481 3137 582 3188 ex
616 3118 1227 3206 dispositionibus
1276 3118 1461 3187 iuris
1508 3118 1955 3204 communis,
1997 3118 2094 3187 uti
2143 3137 2243 3188 ex
2275 3118 2621 3198 decretali
2659 3123 2796 3189 Bo*

309 3224 550 3296 nifacii
604 3226 767 3294 VIII
835 3223 879 3312 ⁶,
930 3226 1187 3295 transit
1260 3226 1330 3293 in
1401 3225 1780 3313 sponsalia
1828 3225 1922 3294 de
1970 3224 2249 3312 futuro,
2300 3227 2792 3314 quemadmu*

311 3331 491 3401 dum
571 3333 821 3402 docuit
888 3332 960 3401 S.
1018 3333 1093 3402 C.
1141 3332 1439 3403 Concilii
1496 3331 1540 3417 ²,
1611 3334 1930 3402 servatis
1979 3339 2228 3402 tamen
2277 3332 2371 3403 de
2420 3333 2581 3403 iure
2630 3353 2784 3404 ser-

445 3547 464 3584 ¹
511 3545 830 3605 Benedict.
880 3546 1028 3605 XIV
1072 3546 1366 3605 Institut.
1418 3547 1640 3606 eccles.
1691 3548 1804 3605 46.
1858 3566 1925 3604 n.
1974 3550 2091 3609 23.

442 3644 466 3681 Β
511 3646 610 3705 Ex
636 3663 773 3705 can.
805 3652 1125 3704 nostrates
1150 3648 1216 3706 3.
1244 3662 1426 3703 caus.
1468 3644 1574 3704 30.
1612 3654 1862 3722 quaest.
1901 3645 1968 3712 5‚·
1995 3677 2072 3690 —
2096 3647 2200 3705 sed
2233 3646 2372 3710 vide
2403 3648 2515 3708 cIt.
2548 3648 2768 3726 Opusc.

223 3806 231 3812 ,
310 3744 649 3819 Responsa
674 3743 942 3802 Nicolai
966 3743 1006 3800 I
1038 3745 1127 3802 ad
1149 3746 1452 3802 consulta
1478 3745 1953 3820 Bulyaroru-m,
1976 3762 2117 3820 cap.
2150 3749 2213 3806 3.
2244 3747 2347 3807 ubi
2374 3764 2527 3823 pay.
2556 3748 2597 3802 5
2630 3750 2784 3825 legi-

312 3845 431 3901 tur:
470 3841 854 3917 Sponsalia,
877 3859 1047 3917 quae
1075 3843 1469 3916 futurarum
1500 3851 1664 3900 sunt
1690 3845 2087 3918 nuptiarum
2119 3846 2453 3920 promissa
2488 3846 2776 3919 foedera.

440 3939 465 3976 ³
510 3938 761 3999 Gitatur
803 3958 840 3998 a
882 3939 1309 4000 Lambertinio
1352 3939 1415 3998 in
1458 3940 1516 3999 d.
1567 3940 1783 3999 Inste't.
1837 3943 2060 4001 eccles.
2112 3941 2223 4001 46.
2273 3961 2341 4000 n.
2400 3941 2505 4002 23.

440 4038 465 4074 ‘⁸
508 4037 578 4096 In
623 4037 731 4097 eit.
781 4035 1004 4096 Instit.
1054 4036 1164 4095 46.
1217 4056 1287 4096 n.
1335 4040 1451 4099 23.

441 4135 465 4170 ⁵
509 4134 748 4194 Harum
775 4136 1070 4211 quasdam
1113 4136 1556 4196 resolutionum
1600 4137 1799 4199 refert
1843 4139 2158 4199 Benedict.
2213 4140 2362 4201 XIV
2405 4140 2514 4202 cit.
2566 4142 2776 4203 Instit.

312 4233 516 4293 eodem
563 4250 801 4293 numer.
850 4234 1032 4295 Aliae
1074 4234 1355 4295 citantur
1400 4238 1461 4294 in
1507 4236 1912 4314 Ephemeride
1953 4238 2052 4298 cui
2095 4239 2353 4299 titulus:
2399 4241 2565 4300 Acta
2611 4243 2784 4301 San-

310 4338 447 4389 ctae
491 4331 701 4399 Sedis,
748 4332 866 4390 vol.
928 4331 1031 4391 12.
1075 4350 1231 4410 pay.
1289 4333 1440 4391 166.

438 4430 464 4465 ⁶
506 4429 653 4507 Cap.
703 4429 865 4489 unic.
913 4430 952 4505 ἓ
996 4432 1170 4490 idem
1215 4449 1489 4508 quoque,
1531 4433 1610 4492 de
1653 4435 2023 4510 desponsat.
2064 4437 2480 4510 impuberum
2527 4438 2602 4494 in
2636 4436 2700 4496 6.

440 4527 462 4565 ⁷
506 4530 573 4587 In
628 4527 978 4588 Viterbien.
1028 4547 1253 4589 mense
1298 4531 1456 4588 iulii
1506 4526 1703 4599 1587,
1753 4534 1859 4590 lib.
1912 4531 1978 4591 5.
2026 4533 2261 4591 decret.
2304 4550 2459 4608 pay.
2493 4536 2676 4600 3‚·—
2713 4536 2772 4593 in

309 4626 585 4686 Nullius
629 4626 721 4683 27
763 4628 995 4685 martii
1042 4625 1244 4688 1596.
2554 4663 2593 4668 ·⁴
