3509 5317
1753 524 2108 584 -124..-.

719 673 757 716 «
790 654 861 722 Si
909 656 1248 744 coniugis
1295 658 1689 727 conversio
1737 661 2229 746 praecesserit
2260 662 2821 731 matrimonium
2864 681 3046 732 cum
3082 663 3186 730 in·

713 757 933 859 fideli,
984 763 1283 848 praevia
1332 764 1891 850 dispensatione
1933 766 2335 852 apostolica
2387 768 2667 851 initum,
2703 768 2908 836 nullo
2946 768 3182 838 modo

714 863 955 935 fidelis
1004 867 1122 936 illo
1170 866 1309 937 frui
1360 871 1623 955 poterit
1668 870 2051 957 privilegio
2099 872 2171 939 in
2202 870 2538 942 favorem
2572 871 2746 942 fidei
2787 892 3181 960 concesso;

714 968 776 1040 si
826 992 1007 1042 vero
1041 975 1601 1045 matrimonium
1638 978 2130 1064 praecesserit
2160 982 2756 1066 conversionem,
2792 987 2970 1051 tunc
2999 1002 3182 1069 pars

715 1097 1078 1150 conversa
1128 1100 1216 1151 eo
1276 1083 1374 1152 uti
1446 1087 1708 1170 poterit
1777 1084 2158 1171 privilegio
2231 1087 2551 1157 servatis
2620 1089 2716 1158 de
2783 1091 2944 1158 iure
3018 1108 3179 1158 ser·

720 1187 985 1256 vandis
1018 1211 1055 1253 »
1112 1188 1154 1256 ².
1208 1248 1216 1256 .
1267 1266 1276 1270 ,

746 1337 750 1345 ·
850 1298 958 1366 52.
1008 1299 1263 1386 Itaque
1311 1299 1372 1366 si
1422 1298 1662 1370 fidelis
1703 1307 1879 1390 post
1924 1303 2383 1391 baptismum
2430 1311 2869 1392 susceptum
2919 1324 3183 1392 perpe·

720 1407 1020 1474 traverit
1063 1399 1533 1476 adulterium
1564 1408 1677 1478 vel
1712 1410 1912 1479 aliud
1945 1410 2318 1495 delictum,
2354 1410 2578 1500 idque
2611 1412 2990 1482 moraliter
3013 1430 3189 1483 con·

718 1516 878 1596 stet,
928 1514 1064 1583 sed
1111 1515 1390 1584 crimen
1444 1516 1646 1584 nullo
1699 1522 1914 1603 pacto
1961 1522 2075 1586 est
2122 1536 2352 1587 causa
2399 1517 2783 1588 discessus
2839 1521 3186 1609 coniugis

719 1617 1040 1689 infidelis
1087 1642 1126 1690 a
1178 1622 1495 1709 coniuge
1542 1642 1914 1694 converso
1962 1625 2056 1693 ad
2108 1623 2357 1710 fldem,
2408 1626 2587 1713 quia
2635 1645 2812 1712 pars
2859 1627 3187 1698 infidelis

721 1743 860 1795 nec
907 1726 1002 1796 de
1051 1727 1466 1815 baptismo,
1517 1747 1657 1800 nec
1705 1731 1800 1827 de
1848 1732 2101 1818 pravis
2150 1732 2531 1818 moribuS,
2581 1749 2721 1802 nec
2767 1733 2862 1804 de
2921 1743 3186 1807 secuta

721 1833 1240 1904 emendatione
1311 1838 1649 1925 coniugis
1717 1836 1959 1906 fidelis
2026 1837 2375 1923 sollicita,
2425 1839 2781 1909 detrectat
2849 1842 3188 1912 habitare

720 1959 896 2010 cum
946 1942 1089 2028 illc,
1138 1951 1315 2013 tunc
1363 1963 1543 2032 pars
1589 1942 1834 2014 fidelis
1881 1945 2131 2028 adhuc
2165 1946 2263 2015 uti
2301 1947 2565 2032 poterit
2595 1948 2975 2038 privilegio
3010 1969 3189 2037 pau-

724 2049 869 2116 lino
929 2057 1384 2138 nuncupato.
1461 2055 1755 2122 Revera
1807 2053 2167 2140 Superior
2236 2055 2615 2123 Missionis
2677 2057 3188 2145 Kwangensis

723 2156 792 2234 in
844 2155 1092 2227 Africa
1136 2177 1380 2246 nuper
1439 2160 1536 2229 ad
1613 2161 1685 2229 S.
1735 2160 2008 2230 Sedem
2080 2161 2338 2230 detulit
2384 2161 2744 2233 solvenda
2794 2165 3194 2260 sequentia

721 2262 990 2334 dubia:

862 2394 898 2435 «
933 2377 1023 2442 1⁰.
1075 2379 1189 2442 An
1239 2375 1524 2457 delicta,
1573 2395 1769 2463 quae
1819 2385 1989 2463 post
2036 2376 2493 2462 baptismum
2541 2382 2719 2447 sunt
2748 2379 3186 2459 commissa,

723 2482 852 2551 sed
910 2483 1335 2553 nullatenus
1381 2483 1863 2553 attenduntur
1894 2503 1936 2552 a
1974 2490 2182 2569 parte
2217 2481 2512 2569 infideli,
2550 2485 2663 2554 vel
2696 2487 2916 2555 etiam
2952 2506 3186 2574 quan·

724 2591 973 2676 doque
1006 2592 1303 2678 penitus
1342 2592 1802 2679 ignorantur,
1837 2591 2130 2659 obstent
2160 2593 2569 2679 quominus
2605 2612 2779 2678 pars
2818 2593 3181 2679 baptizata

727 2699 824 2767 uti
877 2699 1114 2786 possit
1161 2699 1540 2788 privilegio
1590 2694 1979 2787 Apostoli?

863 2828 899 2869 «
930 2807 1031 2876 2⁰.
1082 2813 1197 2876 An
1248 2807 1366 2876 illo
1414 2827 1597 2877 casu
1652 2808 1887 2876 licitus
1934 2809 2029 2876 sit
2076 2826 2265 2876 usus
2310 2805 2676 2877 facultatis
2708 2809 3185 2896 apostolicae,

726 2917 795 2983 vi
823 2917 1062 2997 ,cuius
1109 2918 1181 2984 in
1230 2916 1419 2985 dicta
1470 2916 1828 2984 missione
1876 2915 2289 3001 dispensari
2342 2920 2585 3000 potest
2616 2936 2658 2984 a
2694 2914 3051 2986 faciendis
3093 2918 3189 2985 in·

724 3025 1358 3112 terpellationibus
1408 3023 1828 3112 requisitis?
1876 3046 1913 3088 »

860 3135 930 3202 S.
982 3135 1054 3204 C.
1104 3133 1352 3204 Sancti
1401 3126 1632 3202 Officii
1678 3132 1808 3202 fer.
1845 3134 1965 3201 IV.
2016 3134 2134 3202 die
2180 3134 2470 3202 decimo
2505 3151 2705 3202 nono
2736 3128 3008 3221 Aprilis
3038 3135 3191 3202 mil·

728 3243 963 3313 lesimi
1042 3242 1627 3330 octingentesimi
1700 3241 2166 3328 nonagesimi
2244 3242 2418 3309 noni
2492 3241 2855 3329 probante
2934 3243 3187 3311 Leone

727 3352 933 3438 Papa
978 3351 1149 3419 XIII
1200 3350 1811 3436 respondendum
1869 3348 2297 3419 mandavit.-

864 3480 900 3521 «
937 3460 1217 3528 Dentur
1264 3460 1538 3528 oratori
1571 3458 1957 3527 decretum
1993 3457 2238 3527 Sancti
2267 3455 2497 3526 Officii
2534 3457 2832 3544 quintae
2867 3457 3183 3544 Augusti

728 3565 1095 3635 millesimi
1145 3565 1777 3654 septingentesimi
1825 3564 2426 3653 quinquagesimi
2476 3565 2649 3632 noni
2701 3570 2771 3632 et
2802 3564 3183 3659 instructio

728 3674 800 3743 S.
850 3673 923 3743 C.
973 3675 1068 3743 de
1116 3674 1611 3761 Propaganda
1661 3672 1835 3741 Fide
1872 3672 2147 3740 decimi
2198 3672 2388 3741 sexti
2441 3671 2759 3740 Ianuarii
2817 3670 3183 3740 millesimi

729 3781 1360 3869 septingentesimi
1408 3780 1875 3868 nonagesimi
1927 3779 2219 3866 septimi
2268 3791 2341 3848 et
2385 3778 2479 3848 ad
2536 3783 2858 3847 mentem
2899 3779 3184 3862 -Mens

729 3893 843 3956 est
893 3893 970 3957 ut
1015 3888 1083 3955 in
1134 3887 1381 3957 dubiis
1427 3886 1779 3955 iudicium
1830 3888 1923 3954 sit
1969 3905 2273 3972 semper
2320 3886 2391 3952 in
2442 3873 2611 3954 fidei
2662 3883 2998 3954 favorem
3033 3907 3097 3953 ».

861 3997 970 4064 En
1019 4006 1272 4065 autem
1323 3995 1551 4064 verba
1601 3993 1875 4063 decreti
1923 3995 1995 4063 S.
2045 3992 2274 4063 Officii
2324 3994 2624 4081 quintae
2673 3993 2988 4080 Augusti
3036 3992 3188 4060 mil-

730 4103 967 4172 lesimi
1015 4103 1649 4191 septingentesimi
1699 4101 2302 4190 quinquagesimi
2352 4102 2526 4169 noni
2576 4101 2667 4171 ad
2727 4102 3180 4187 Episcopum

729 4212 1260 4281 Coccinensem
1284 4230 1299 4277 :
1524 4219 1531 4227 '

863 4353 881 4388 ¹
929 4350 1058 4409 cfr.
1128 4352 1191 4409 in
1257 4351 1364 4411 cit.
1423 4349 2245 4409 Collectanea-Socz'etate‘s
2310 4349 2717 4406 Missionum
2785 4363 2988 4418 num.-
3025 4342 3176 4401 950.

722 4465 917 4524 paga.
954 4448 1276 4506 426-427
1321 4442 1861 4516 Instructionem,
1903 4465 2024 4524 qua
2066 4466 2175 4524 per
2219 4448 2283 4507 S.
2322 4446 2390 4507 G.
2431 4446 2504 4505 de
2549 4447 2734 4523 Prop.
2782 4444 2901 4504 fide
2943 4460 3187 4521 respon-

727 4563 860 4606 sum
906 4547 1026 4606 fuit
1067 4566 1103 4607 a
1149 4548 1214 4607 S.
1252 4546 1317 4607 G.
1370 4548 1432 4607 S.
1470 4547 1590 4606 Off.
1633 4547 1732 4605 die
1775 4545 1818 4602 4
1865 4546 2026 4602 iulii
2081 4543 2255 4600 1855
2296 4543 2373 4603 ad
2416 4543 2600 4602 dubia
2642 4542 2955 4620 proposita
2998 4560 3035 4601 a
3082 4537 3183 4597 Vi-

726 4646 895 4706 cario
939 4648 1275 4723 apostolico
1319 4646 1647 4705 Siamensi.
