3509 5317
560 471 567 486 .
686 517 864 578 '203-

232 656 289 725 lid
315 656 484 725 vitandas
507 662 635 725 autem
657 652 948 740 allucinationes,
966 673 1057 741 prae
1080 654 1198 724 oculis
1222 654 1393 725 habenda

161 769 254 833 sunt
276 780 374 850 quae
397 762 445 831 de
468 761 680 848 impotentia
699 779 744 830 ac
760 760 807 829 de
824 760 979 847 physica
1003 762 1211 850 virginitate
1228 764 1300 830 DD.
1317 782 1396 832 mo·

160 878 263 954 nent,
287 886 449 957 quorum
476 868 624 953 monita,
650 867 830 937 Zacclriae
853 868 1085 955 praesertim,
1103 888 1177 937 non
1197 888 1318 957 pauca
1333 869 1394 939 ba·

160 977 232 1046 hes
255 974 351 1044 inira
369 974 390 1042 ¹.

228 1087 285 1153 22.
311 1081 489 1161 Quintum
502 1078 772 1171 probationum
784 1100 903 1170 penus
919 1087 975 1152 est
991 1080 1239 1152 iurisiurandi
1253 1079 1393 1171 relipio.

229 1190 355 1260 Missis
380 1188 567 1276 pluribus,
591 1208 689 1276 quae
722 1187 805 1258 fuse
829 1188 1052 1259 Canonistae
1076 1189 1123 1259 de
1152 1189 1393 1259 iureiurando

159 1296 352 1366 disserunt
368 1292 390 1382 ²,
415 1297 553 1384 quippe
576 1314 674 1383 quae
707 1294 743 1363 in
779 1295 906 1364 causis
941 1295 1276 1367 matrimonialibus
1308 1314 1393 1365 raro

159 1404 289 1473 locum
314 1404 461 1488 liabent
486 1420 609 1490 pauca
632 1403 691 1471 hic
714 1402 921 1474 adiicienda
944 1410 1033 1473 sunt
1056 1403 1125 1488 his,
1149 1422 1247 1490 quae
1277 1421 1393 1491 supra

160 1509 208 1577 de
233 1511 385 1579 testium
409 1508 627 1596 praesertim
653 1509 863 1577 iuramento
888 1508 961 1578 iam
986 1509 1261 1580 adnotavimus.

231 1617 442 1687 Maximum
466 1615 784 1704 expediendorum
810 1615 926 1685 litium
952 1616 1217 1687 subsidiarium
1241 1635 1287 1686 ac
1309 1635 1395 1704 sup

42 1764 47 1775 -
160 1723 362 1811 pletorium
387 1724 479 1812 legis
503 1724 710 1793 remedium
737 1729 794 1793 est
815 1723 1088 1793 iusiurandum.

228 1830 409 1901 Dividitur
432 1833 468 1899 in
492 1828 742 1901 assentorium
766 1836 802 1899 et
822 1830 1130 1920 promissorium,
1157 1838 1269 1918 prout
1292 1835 1393 1904 Deus

160 1943 320 2008 vocatur
343 1939 378 2007 in
402 1944 533 2009 testem
559 1944 726 2009 assertae
750 1958 819 2009 seu
843 1943 1000 2026 negatae
1025 1939 1211 2025 veritatis3
1235 1976 1256 1989 -
1282 1941 1339 2010 vel
1357 1941 1392 2008 in

159 2050 296 2114 testem
311 2046 411 2133 quod
428 2045 565 2115 lrabeat
580 2047 664 2133 quis
678 2045 905 2115 voluntatem
919 2046 1096 2132 implendi
1110 2046 1211 2135 quod
1224 2048 1393 2133 spondet.

134 2195 137 2201 -
229 2154 444 2240 Utrumque
467 2150 598 2221 Primo
622 2152 681 2222 vel
705 2151 868 2222 solemne
891 2158 968 2238 est,
994 2153 1051 2221 vel
1077 2151 1257 2243 simplem,
1283 2161 1394 2243 prout

158 2258 201 2328 lit
224 2259 454 2347 quibusdam
478 2259 650 2329 adhibitis
682 2259 937 2348 caerimoniis,
963 2268 999 2330 et
1029 2277 1158 2330 coram
1186 2261 1306 2331 iudice
1329 2268 1396 2332 aut

160 2370 326 2456 legitimo
350 2371 565 2458 superiore;
589 2406 611 2420 -
635 2370 692 2439 vel
717 2389 803 2439 non.
827 2407 848 2419 -
872 2370 954 2439 Dixi
979 2368 1152 2440 odlu'bitr's
1168 2369 1394 2459 quibusdum

159 2474 411 2561 caerimonia,
431 2484 518 2564 puta
537 2484 638 2546 corta
663 2477 865 2547 verborum
883 2475 1054 2563 formula,
1072 2497 1117 2546 ac
1133 2482 1231 2547 tactu
1252 2485 1396 2547 sancto·

162 2604 248 2654 rum
274 2585 575 2673 Evangeliorum
592 2585 715 2654 crucis
731 2588 798 2654 etc.
823 2588 859 2653 et
873 2583 1096 2654 adhibentur
1113 2584 1300 2655 eiusmodi
1317 2602 1397 2653 cae·

160 2693 366 2778 rimamus,
390 2699 431 2762 ut
455 2693 574 2762 maior
596 2692 807 2761 iuramento
841 2690 1077 2778 deliberatio,
1104 2694 1334 2779 reverentia,
1359 2694 1395 2762 ti-

161 2818 257 2885 mor,
284 2797 427 2867 llrmior
450 2799 661 2869 observatio
685 2799 911 2868 concilietur.

231 2906 415 2991 Secrme,
443 2914 667 2994 utrumque,
691 2908 937 2976 assertorium
974 2926 1111 2995 nempe
1134 2919 1171 2977 et
1197 2909 1397 2995 promisso-

161 3015 261 3083 rium
285 3017 549 3101 iuramentum,
574 3015 707 3084 dicitur
729 3014 1031 3098 eoeccrotorium,
1050 3012 1168 3085 sitiat
1190 3014 1315 3085 addita
1333 3017 1397 3085 Dei

160 3120 385 3191 invocationi
408 3120 534 3210 aliqua
557 3124 804 3208 execratione,
830 3121 968 3191 scilicet
982 3121 1075 3190 dum
1092 3121 1222 3191 iurans
1241 3120 1311 3190 sibi
1327 3121 1398 3209 ipsi

123 3256 131 3273 ·
161 3230 220 3298 vel
244 3228 370 3315 alteri,
394 3249 507 3318 quem
532 3230 665 3318 diligit,
690 3250 712 3299 a
738 3231 816 3300 Deo
839 3236 1018 3317 tanquam
1045 3228 1214 3299 falsitatis
1239 3229 1397 3309 vindice,

162 3337 308 3406 malum
332 3338 560 3426 imprecatur
583 3339 619 3406 ni
647 3357 734 3408 vera
758 3338 803 3407 sit
826 3339 982 3408 assertio
1006 3349 1071 3407 aut
1096 3339 1312 3424 promissio.
1336 3339 1396 3409 Sic

162 3445 192 3512 si
217 3446 303 3532 quis
327 3445 424 3515 dicat
446 3464 477 3515 e.
501 3463 556 3533 gr.
581 3447 681 3515 Deus
714 3464 774 3514 mc
807 3444 961 3514 fulmine
985 3451 1133 3531 tangat3
1158 3445 1217 3516 vel
1245 3454 1285 3514 ut
1309 3464 1395 3515 mos

161 3556 218 3619 est
241 3551 388 3621 iurandi
412 3552 570 3622 usitatus
593 3553 629 3620 in
654 3552 735 3621 iure
758 3557 794 3620 et
816 3550 897 3620 loro
921 3552 1181 3638 ecclesiastico,
1206 3559 1318 3640 prout
1333 3554 1395 3623 ha-

161 3656 272 3727 bclur
303 3659 338 3726 in
373 3659 545 3729 decretali
582 3659 748 3747 Gregorii
773 3658 820 3726 lll
845 3664 931 3745 post
954 3662 1097 3746 septem
1122 3659 1305 3747 capitula:
1332 3659 1392 3730 Sic

162 3766 266 3834 Deus
290 3785 349 3834 me
371 3763 537 3852 (ιάὶιιοθε,
563 3772 601 3834 ct
623 3767 716 3835 baec
738 3770 872 3834 cuncto
896 3764 1088 3855 eoonpeiio
1105 3763 1135 3851 ⁸3
1159 3803 1182 3813 -
1205 3773 1240 3837 et
1263 3767 1393 3837 similis

161 3882 239 3945 erat
263 3875 350 3945 olim
375 3876 476 3962 apud
500 3876 655 3946 iudaeos
678 3875 861 3945 formula:
886 3877 992 3945 Haec
1006 3873 1133 3964 socr'ol
1155 3875 1247 3944 nubi
1269 3877 1386 3962 Deua,

161 3987 196 4050 et
219 3984 314 4051 buco
335 3981 470 4068 addat,
497 3983 568 4051 nisi
592 3989 658 4054 etc.

238 4088 357 4157 Tertio
381 4091 467 4160 item
493 4101 695 4179 utrumque
719 4090 894 4160 dividitur
918 4092 953 4158 in
977 4088 1163 4174 iudiciale,
1184 4091 1241 4160 vel
1260 4094 1392 4159 extra·
1441 4080 1445 4087 ’

162 4192 340 4264 iudiciale.
366 4196 538 4267 iudiciale
562 4216 830 4286 nuncupamus
845 4196 947 4285 quod
966 4196 1113 4266 iubente
1129 4202 1194 4265 aul
1210 4195 1390 4283 probante

230 4430 238 4466 ¹
261 4430 296 4489 In
318 4429 557 4505 Disceptatione
579 4430 636 4501 ΙΙΙ,
658 4434 692 4491 et
712 4430 743 4489 in
765 4428 1022 4504 Appendicz‘bue.
1129 4488 1131 4495 ,

227 4527 295 4588 '²ln
318 4528 528 4589 Decretalium
552 4529 606 4587 lib.
631 4527 663 4587 2.
688 4530 736 4585 rit.
760 4526 817 4586 24.

228 4627 240 4663 ³
263 4627 334 4704 Cap.
359 4626 428 4701 Epo
449 4628 492 4687 N.
515 4627 697 4702 Episcopus
720 4628 751 4695 4,
773 4627 813 4684 de
836 4626 1067 4685 iureiurando.
