3509 5317
1331 556 1689 616 -139—

411 694 619 763 Haec
666 694 884 783 igitur
928 694 1328 767 declaratio
1361 695 1455 764 ad
1489 693 1895 764 catholicos
1927 711 2080 762 non
2113 698 2415 780 spectat,
2453 700 2535 763 ut
2563 712 2740 763 con-

272 805 412 869 stat
460 819 563 868 ex
611 799 751 870 alia
815 802 1156 871 eiusdem
1220 801 1591 871 Benedicti
1636 800 1817 870 XIV
1880 800 2188 887 epistola
2250 799 2598 870 decretali
2650 799 2744 872 de

273 925 742 994 sponsorum
808 909 1303 978 matrimoniis
1356 907 1891 978 catholicorum
1959 908 2149 976 initis
2210 908 2280 976 in
2344 905 2736 977 foederatis

274 1013 503 1101 Belgii
555 1015 1005 1102 regionibus.
1068 1037 1105 1080 «
1138 1016 1389 1085 Sciant
1444 1014 1726 1103 (inquit)
1788 1013 2124 1084 catholici
2173 1018 2467 1083 vestrae
2514 1033 2740 1084 curae

276 1141 313 1184 «
343 1120 771 1209 concrediti,
819 1141 996 1192 cum
1044 1123 1230 1193 civili
1267 1122 1729 1212 magistratui
1777 1128 1907 1191 aut
1938 1123 2308 1192 haeretico
2344 1120 2736 1191 ministellu

277 1246 312 1288 «
345 1227 804 1297 matrimonii
853 1229 1280 1300 celebrandi
1331 1248 1560 1300 causa
1612 1246 1696 1298 se
1744 1228 2050 1315 sistunt,
2100 1234 2346 1298 actum
2400 1247 2484 1297 se
2534 1245 2740 1297 mere

275 1353 310 1395 ‹
342 1333 646 1403 civilem
696 1355 1141 1407 exercere...
1190 1337 1460 1422 Sciant,
1509 1336 1649 1406 nisi
1696 1354 1957 1405 coram
2007 1335 2343 1405 ministro
2376 1335 2740 1404 catholice

278 1447 419 1510 «et
465 1442 775 1512 duobus
835 1444 1144 1514 taetibus
1200 1446 1501 1532 nuptias
1564 1443 2136 1530 celebraverint,
2204 1461 2593 1531 nunquam
2658 1461 2740 1512 se

278 1568 314 1610 «ι
347 1562 602 1636 neque
649 1569 908 1621 coram
958 1554 1145 1639 Deo,
1197 1572 1443 1641 neque
1489 1571 1750 1622 coram
1798 1552 2124 1622 Ecclesia
2180 1569 2403 1620 veros
2449 1556 2521 1620 et
2569 1546 2736 1638 legi-

275 1675 313 1718 «
344 1654 577 1724 timos
623 1659 989 1747 coniuges
1033 1657 1191 1729 fore
1223 1682 1261 1724 »
1303 1659 1347 1754 ξ.

408 1765 518 1831 14.
571 1764 956 1836 Eiusmodi
1030 1786 1256 1855 porro
1327 1767 1918 1838 Declarationem
1994 1766 2286 1836 romani
2349 1763 2740 1834 Pontifices

273 1867 364 1937 ad
416 1869 609 1939 alias
656 1890 960 1961 quoque
1008 1875 1410 1962 regiones,
1452 1874 1525 1943 in
1583 1874 1861 1963 quibus
1918 1873 2377 1962 publicatum
2437 1870 2740 1960 quidem

270 1972 515 2045 fuerat
565 1978 1044 2050 tridentinum
1091 1980 1498 2069 decretum,
1549 1989 1620 2052 et
1666 1990 1863 2070 quae
1912 1983 1983 2049 in
2035 1982 2191 2068 pari
2247 1979 2740 2051 versabantur

273 2085 721 2155 necessitate
775 2107 866 2157 ac
923 2088 1354 2173 Hollandia,
1404 2089 1936 2176 extenderunt,
1993 2089 2105 2157 vel
2162 2090 2383 2158 etiam
2442 2087 2736 2175 speciali

272 2187 579 2260 decreto
628 2193 1187 2283 derogaverunt
1232 2196 1670 2268 tridentinae
1717 2196 2102 2272 sanctioni.

407 2299 524 2389 Ex
580 2299 694 2368 his
740 2319 921 2390 ergo
970 2308 1198 2389 patet,
1263 2304 1609 2375 habenda
1660 2322 1833 2381 esse
1893 2310 1970 2373 ut
2017 2304 2208 2373 irrita
2272 2303 2740 2372 matrimonia

276 2402 509 2474 mixta
562 2405 1018 2478 clandestine
1064 2411 1431 2481 celebrata
1499 2413 1570 2480 in
1623 2411 2053 2500 regionibus
2099 2430 2237 2480 seu
2290 2410 2472 2480 locis
2520 2408 2740 2497 Belgii

274 2513 346 2577 et
400 2511 881 2599 Hollandiae,
945 2536 1141 2605 quae
1204 2524 1542 2606 tempore
1604 2519 2133 2589 Declarationis
2193 2517 2740 2596 Benedictinae‚

279 2613 836 2692 foederatorum
889 2624 1254 2695 Ordinum
1301 2627 1632 2697 dominio
1696 2646 1848 2697 non
1898 2627 2292 2711 suberant,
2355 2645 2601 2714 neque
2648 2628 2740 2694 ad

279 2740 369 2792 ea
425 2725 589 2798 loca
648 2727 781 2798 fuit
825 2737 1136 2802 extensa
1201 2734 1467 2803 eadem
1518 2734 1952 2805 Declaratio.
2002 2770 2042 2781 -
2092 2733 2280 2803 Hinc
2329 2732 2744 2820 Episcopus

279 2829 884 2907 Buscoducensis
934 2837 1131 2922 (Bois
1181 2838 1246 2909 le
1293 2839 1466 2925 duc)
1516 2840 1587 2908 in
1630 2840 2047 2927 Hollandia,
2095 2837 2488 2927 postulans
2534 2856 2748 2907 sana-

276 2936 554 3007 tionem
609 2944 678 3010 in
719 2944 966 3013 radice
1013 2945 1340 3015 duorum
1380 2948 2024 3018 matrimoniorum
2064 2948 2342 3016 mixtae
2377 2945 2744 3034 religionis

274 3045 735 3120 clandestine
782 3052 1158 3139 initorum,
1211 3072 1445 3123 unum
1498 3056 1972 3141 Antuerpiae,
2008 3054 2323 3124 civitatis
2355 3051 2608 3139 Belgii,
2657 3052 2752 3121 al·

275 3155 520 3222 terum
560 3154 630 3222 in
667 3157 1102 3229 Hollandiae
1135 3161 1434 3247 oppid0,
1469 3162 1739 3231 Weert
1773 3168 2226 3248 nuncupato,
2262 3159 2494 3228 literis
2534 3160 2620 3227 14
2652 3156 2748 3227 fe·

280 3256 560 3333 bruarii
597 3266 774 3333 1894
818 3266 915 3335 ad
964 3265 1283 3337 Sacrum
1331 3258 1740 3337 Consilium
1790 3268 2196 3337 christiano
2244 3266 2526 3335 nomini
2580 3283 2744 3352 pro-

280 3370 632 3460 pagando
681 3372 950 3458 missis,
1000 3378 1340 3444 testatur:
1394 3395 1430 3437 ⁴<
1464 3376 1662 3445 Dicta
1714 3374 2193 3445 matrimonia
2242 3371 2462 3458 (idest
2491 3372 2747 3440 matrs·-

278 3476 533 3546 monia
578 3477 835 3547 mioeta
880 3477 1371 3567 clandestina)
1418 3500 1462 3550 a
1512 3481 1729 3551 nobis
1781 3481 2151 3550 habentur
2188 3480 2533 3563 invalida,
2569 3481 2740 3568 quia

279 3585 708 3672 Antuerpia,
756 3586 1014 3655 civitas
1046 3586 1639 3657 Archidioecesis
1671 3587 2243 3673 MechliniensiS‚
2276 3592 2350 3657 et
2380 3585 2740 3674 oppidum

280 3691 564 3777 Weert,
615 3694 820 3779 quod
851 3700 965 3762 est
995 3692 1358 3764 dioecesis
1395 3694 2060 3780 Ruremondensis,
2112 3698 2449 3782 tempore
2494 3693 2740 3763 Decla-

280 3799 583 3868 rationis
630 3798 1168 3887 Benedictinae,
1218 3820 1418 3870 anno
1454 3802 1650 3888 1741,
1700 3802 1869 3869 non*
1904 3800 2740 3889 comprehendebantur

281 3904 422 3973 sub
481 3904 1037 3976 foederatorum
1088 3906 1451 3977 Ordinum
1503 3909 1856 3977 dominio.
1927 3908 2395 3977 Matrimonia
2462 3907 2740 3976 mixtae

284 4011 657 4101 religionis
701 4011 1219 4101 (clandestina)
1267 4014 1589 4085 invalida
1640 4014 2009 4087 habentur
2043 4016 2113 4082 in
2148 4024 2301 4085 toto
2337 4013 2557 4082 hodie
2590 4011 2740 4081 Bel-

283 4119 418 4204 gi0,
465 4119 542 4187 in
591 4124 738 4189 tota
786 4139 1089 4208 quoque
1135 4122 1454 4192 dioecesi
1490 4121 2092 4193 Ruremondensi
2126 4121 2230 4209 (in
2263 4119 2728 4207 Ηοιίαηάία),

416 4376 434 4412 ¹
482 4374 796 4435 Benedict.
843 4376 993 4436 XIV
1054 4385 1250 4439 const.
1304 4379 1625 4438 Reddit-‘ae
1686 4387 1852 4437 sunt
1889 4379 2011 4437 diei
2060 4378 2140 4436 17
2182 4380 2487 4454 septemb.
2543 4376 2740 4440 1746.

288 4474 357 4532 ad
401 4475 664 4559 Paulum
707 4474 1017 4536 Simonem
1051 4497 1089 4537 a
1131 4478 1199 4538 S.
1234 4479 1449 4556 Ioseph
1493 4478 1557 4537 in
1594 4468 1930 4538 Hollandia
1973 4478 2459 4550 Missionarium‚
2493 4479 2732 4538 Bullar.

289 4577 331 4629 t.
380 4571 440 4640 3,
482 4574 795 4652 Supplem.
846 4593 916 4634 n.
952 4578 1018 4635 3.
1064 4608 1107 4620 -
1145 4576 1300 4636 Vide
1343 4578 1610 4637 eiusdem
1655 4596 1802 4655 opus
1831 4577 1910 4636 de
1942 4578 2200 4653 Synodo
2249 4577 2358 4638 lib.
2393 4579 2456 4637 6.
2499 4598 2645 4656 cap.
2676 4579 2736 4644 7.

291 4672 387 4731 ubi
428 4675 618 4734 etiam
666 4675 781 4733 hae
825 4673 1078 4735 litterae
1120 4676 1496 4736 referuntur.
