3509 5317
1326 495 1679 562 7-259—

284 632 480 718 pisse
527 652 625 702 an
675 639 746 701 et
792 633 1178 721 quomodo
1228 636 1751 722 responderint
1797 633 2054 721 sponsi
2100 635 2168 700 in
2205 638 2374 702 actu
2423 634 2737 702 celeim-

280 741 495 808 tionis
546 742 991 811 matrimonii
1042 742 1312 827 (Actor.
1361 743 1481 812 fol.
1514 745 1649 828 41).

412 849 518 915 19.
571 848 727 915 Iam
780 868 959 917 vero
1011 851 1392 937 parochus
1438 859 1510 920 et
1547 850 1699 918 duo
1731 849 1993 919 saltem
2035 857 2255 919 testes
2287 850 2557 920 debent
2597 874 2737 914 nm-

280 953 625 1022 trimonio
673 955 1036 1025 interesse
1101 976 1250 1025 non
1316 963 1602 1025 tantum
1668 955 1973 1045 physice
2019 977 2155 1028 seu
2204 976 2549 1044 corpore,
2605 962 2729 1022 :ansel

282 1060 507 1128 modo
563 1062 897 1131 humano
945 1083 1081 1133 seu
1130 1062 1550 1149 moraliter,
1606 1065 1793 1133 idest
1839 1063 2089 1134 animo
2136 1075 2208 1134 et
2254 1084 2429 1134 cum
2477 1066 2737 1134 attis‘f=f=÷

282 1164 540 1252 tentia,
595 1169 686 1238 ita
741 1174 819 1238 ut
867 1170 1269 1257 intelligant
1315 1172 1489 1258 quid
1541 1179 1828 1261 agatur.
1878 1175 2040 1241 Non
2092 1173 2291 1241 enim
2339 1173 2499 1240 iure
2537 1194 2737 1258 pulv*

275 1291 457 1343 sens
504 1293 677 1343 esse
724 1290 1072 1346 censetur
1136 1279 1291 1367 qui·
1326 1297 1473 1345 non
1546 1278 1754 1348 adest
1821 1280 2044 1349 modo
2096 1280 2429 1349 humano
2490 1278 2737 1346 int-lli-

276 1399 468 1469 gens
529 1387 603 1451 et
662 1385 1064 1453 advertens
1128 1386 1305 1473 quid
1355 1391 1661 1474 agatur:
1712 1387 2072 1472 probatur
2131 1384 2175 1452 l.
2233 1403 2495 1454 coram
2557 1386 2733 1450 ffi'sm

274 1489 443 1558 209.
460 1488 565 1579 ff
596 1489 691 1557 de
724 1491 811 1557 V.
847 1490 919 1560 S.
975 1512 1009 1554 «
1047 1493 1135 1560 ibi
1175 1514 1212 1556 »
1277 1492 1547 1561 Coram
1613 1491 1794 1561 Titio
1839 1491 2126 1581 aliquid
2157 1491 2424 1582 facere
2455 1489 2725 1562 iussum.

274 1615 427 1665 non
477 1595 777 1666 videtur
820 1605 1219 1685 praesente
1268 1618 1353 1669 eo
1386 1598 1686 1689 fecisse,
1728 1597 1875 1668 nisi
1914 1599 1978 1668 is
2025 1598 2403 1688 intelliyat.
2453 1602 2541 1669 Et
2573 1622 2733 1662 mn-

273 1703 624 1774 firmatur
672 1708 1055 1793 expressis
1105 1707 1352 1778 verbis
1399 1709 1801 1777 Tridentini
1848 1728 2024 1776 sess,
2055 1711 2176 1776 24.
2211 1728 2374 1797 cap.
2411 1712 2472 1776 1.
2505 1710 2595 1778 dr
2633 1731 2733 1772 m*-

257 1812 419 1900 sor.
456 1819 683 1882 matr‘.
740 1836 776 1877 ‹<
808 1815 904 1883 ibi
938 1837 975 1879 »
1033 1816 1449 1899 ParochuS,
1507 1815 1670 1884 viro
1716 1821 1793 1884 et
1849 1814 2155 1884 muliere
2216 1815 2725 1905 interrogem.

272 1925 347 1988 et
394 1938 661 1989 eorum
708 1926 967 1990 mutuo
1015 1941 1377 1991 consensu
1415 1921 1806 2006 intellecto,
1847 1920 1960 1990 vel
1988 1921 2192 1991 dieat
2221 1927 2353 1991 etc.
2403 1923 2597 2010 Ergo
2641 1950 2729 1986 w·-

269 2027 589 2114 quiritur
639 2031 1053 2115 praesontia
1106 2032 1443 2099 humana
1474 2049 1646 2100 cum
1683 2029 2173 2099 advertentia.
2224 2067 2266 2078 -
2314 2031 2487 2098 Ideo
2541 2034 2726 2098 insn-

271 2153 411 2220 per
458 2135 967 2205 Tridentinum
1021 2140 1265 2226 exigit,
1315 2139 1613 2207 decreto
1662 2140 2006 2225 irritante,
2055 2139 2549 2207 assistentiam
2621 2162 2729 2222 [ηι-

271 2243 482 2310 rochi
532 2248 604 2311 et
649 2245 969 2330 testium,
1023 2251 1101 2316 ut
1147 2253 1431 2316 constet
1477 2247 1851 2316 Ecclesiae
1900 2247 1993 2316 de
2043 2247 2513 2316 matrimonio
2569 2270 2729 2310 mr·-

272 2353 554 2435 tractO,
604 2351 847 2439 deque
919 2371 1009 2422 eo
1080 2353 1449 2422 testificari
1499 2354 1591 2421 illi
1642 2362 1946 2441 queant,
1996 2374 2091 2423 ne
2142 2355 2431 2425 vivente
2494 2358 2725 2442 primm

271 2474 537 2541 uxore,
574 2459 840 2545 aliquis
875 2462 1110 2547 possit
1143 2463 1421 2531 ducere
1457 2463 1893 2532 secundam.
1928 2464 2270 2550 Atqui'ad
2303 2464 2621 2532 huiusiw
2645 2466 2729 2530 uli

269 2563 779 2633 testimonium
845 2565 1236 2637 ferendum
1299 2571 1808 2639 necessarium
1875 2572 2180 2640 omnino
2245 2582 2396 2657 est,
2447 2572 2533 2641 ita
2605 2594 2733 2630 w·-

270 2681 713 2758 praesentes
761 2695 950 2761 esse,
1004 2683 1083 2745 ut
1129 2676 1535 2765 intelligant
1581 2683 1653 2745 et
1698 2678 2089 2746 advertant
2118 2678 2293 2764 quid
2329 2684 2611 2766 agatur.
2657 2686 2725 2746 lit

267 2782 538 2850 saltem
589 2801 902 2851 necesse
950 2789 1062 2852 est
1113 2788 1187 2851 ut
1239 2783 1618 2870 parochus
1650 2802 1737 2852 ac
1772 2789 1999 2851 testes
2030 2783 2279 2870 aliquo
2311 2803 2541 2852 sensu
2585 2810 2733 2866 !³··¹1‘·

270 2890 547 2976 cipiant
594 2909 1052 2959 consensum
1089 2890 1710 2976 contsahentium,
1749 2896 1826 2958 ut
1857 2891 1917 2958 si
1951 2908 2098 2957 non
2135 2891 2442 2959 audiant
2482 2895 2629 2958 voa-‘l
2653 2922 2729 2966 ti,

272 2998 576 3067 videant
621 3008 869 3068 tamen
920 2998 1128 3086 signa
1170 2999 1417 3067 -mutui
1468 3016 1910 3068 consensus.
1962 2999 2068 3068 Ita
2115 2998 2452 3070 Sanchez
2499 3002 2641 3083 (lili.

267 3103 464 3194 disp.
497 3107 608 3175 39.
656 3126 707 3173 α
750 3124 955 3174 nam.
1005 3110 1043 3173 1
1102 3103 1206 3174 ad
1254 3106 1353 3190 6),
1412 3106 1711 3193 Pirhing
1756 3104 1902 3190 (tib.
1937 3108 2004 3173 4.
2059 3105 2161 3175 tit.
2219 3109 2281 3177 3.
2334 3127 2537 3176 nam.
2575 3118 2721 3178 ΗΕ..

268 3216 691 3285 Leurenius
737 3213 922 3298 (eod.
961 3212 1063 3282 tic.
1098 3219 1386 3302 quaest.
1421 3216 1575 3283 153.
1608 3233 1812 3283 num.
1845 3217 1922 3300 2)
1969 3235 2144 3285 cum
2194 3222 2597 3287 communi.

404 3328 517 3395 20.
567 3325 785 3411 Atqui
835 3343 974 3394 nec
1022 3325 1401 3412 parochus
1454 3342 1592 3393 nec
1624 3332 1850 3393 testes
1883 3328 1953 3392 in
1989 3327 2312 3396 themate
2361 3330 2729 3399 testim-12⁵1

270 3433 651 3503 Ecclesiae
698 3436 1035 3518 possunt,
1086 3451 1170 3501 se
1217 3450 1677 3501 consensum
1728 3434 1824 3501 ad
1875 3435 2433 3503 matrimonium
2493 3456 2729 3522 pisi-m·-

270 3539 475 3627 pisse
524 3542 686 3607 sive
736 3558 868 3626 per
917 3537 1148 3607 verba
1196 3538 1354 3608 sive
1404 3558 1538 3625 per
1584 3536 1801 3626 signa
1848 3539 2096 3627 aliqua
2135 3550 2343 3610 certa
2378 3562 2467 3611 ac
2499 3546 2727 3630 etwas*-

268 3645 418 3716 ec'ta
467 3665 517 3714 a
564 3648 734 3716 Caia
784 3645 1060 3716 directe
1107 3664 1581 3732 expressum.
1630 3649 1795 3715 Non
1847 3666 1982 3734 per
2016 3648 2242 3717 verba
2278 3668 2476 3736 quae
2508 3670 2729 3717 nrm·

270 3773 539 3824 eorum
589 3755 849 3825 audire
896 3755 1148 3841 potuit,
1195 3755 1473 3842 quippe
1520 3774 1561 3822 a
1613 3754 1781 3824 Caia
1834 3773 1983 3823 non
2033 3754 2351 3842 prolata;
2403 3776 2547 3824 non
2609 3782 2729 3838 ,ψι-

269 3863 616 3950 explicita
666 3863 899 3951 signa,
950 3865 1121 3952 quia
1172 3883 1255 3932 ea
1310 3880 1533 3931 nemo
1583 3878 1849 3932 eorum
1899 3862 2148 3950 aliquo
2197 3882 2428 3932 sensu
2489 3884 2729 3951 pem-⁴³·-

268 3971 475 4056 pisse
524 3976 836 4039 testatur
888 3971 1119 4056 (num.
1157 3974 1242 4040 18
1290 3971 1583 4058 praec).
1635 3972 1837 4040 Licet
1882 3972 2079 4039 enim
2130 3969 2211 4039 in'
2252 3990 2341 4040 eo
2387 3971 2725 4041 defewrn

268 4078 503 4147 iudex
549 4078 968 4164 instructor,
1019 4079 1217 4165 quod
1273 4098 1372 4147 ex
1418 4077 1661 4147 officio
1710 4097 1860 4146 non
1911 4079 2472 4166 interrogaverit
2517 4098 2729 4166 spun-

267 4203 399 4255 sos
448 4203 539 4254 ac
588 4190 813 4253 testes
859 4205 954 4256 an
1006 4186 1174 4256 Caia
1225 4185 1490 4254 saltem
1539 4190 1725 4254 natu
1775 4185 2023 4273 aliquo
2070 4192 2381 4255 externo
2428 4206 2725 4256 consun-

267 4313 446 4364 sum
514 4295 1010 4380 expresserit,
1060 4313 1154 4362 an
1226 4313 1399 4362 vero
1465 4295 1949 4382 denegaverit
1970 4313 1988 4380 ;
2037 4299 2286 4362 tamen
2337 4314 2475 4363 nec
2537 4318 2729 4362 [nnis

266 4420 537 4472 eorum
589 4402 836 4489 quiin
899 4402 1166 4471 iudicio
1238 4403 1476 4471 testati
1537 4400 1838 4470 fuerunt
1896 4400 1989 4468 de
2052 4401 2268 4470 Caiae
2329 4420 2725 4474 ConSffllr—wl,

264 4508 509 4578 innuit
554 4507 650 4577 ad
698 4512 912 4576 certa
958 4515 1031 4578 et
1077 4507 1439 4596 explicita
1488 4527 1624 4577 seu
1672 4508 1944 4576 directa
2010 4506 2222 4594 signa
2288 4526 2725 4578 consensus.

264 4617 368 4685 uti
418 4616 746 4704 quisque
794 4616 908 4684 vel
960 4616 1224 4686 saltem
1259 4615 1526 4704 aliquis
1560 4633 1822 4685 eorum
1859 4614 2147 4702 absque
2181 4615 2407 4683 dubio
2439 4613 2721 4683 fecissffi
