3509 5317
1800 524 2116 584 ..96-

729 664 1245 729 sleuwnstrant
1296 659 1336 725 ².
1388 659 1476 727 Et
1523 659 1704 728 ratio
1751 664 1970 746 patet,
2006 661 2179 748 quia
2228 668 2560 750 potestas
2607 663 2792 731 baec
2838 661 3184 730 divinitus

729 768 989 836 uallata
1040 772 1172 853 esi,
1225 776 1306 835 ut
1349 785 1432 835 ea
1489 764 1830 836 Pontifex
1881 772 2127 837 utatur
2173 769 2361 838 iusta
2411 769 2508 838 de
2554 787 2787 838 causa
2848 787 2985 837 seu
3049 767 3185 836 suf-

729 872 1017 956 tilerias-iti,
1067 891 1292 941 secus
1338 871 1792 959 dispensans
1825 874 2225 943 excederet
2258 875 2523 944 limites
2554 875 3011 944 auctoritatis
3054 875 3183 942 sibi

729 984 1059 1048 willalmi}-

953 1088 1250 1156 Porro
1298 1104 1396 1155 ex
1445 1087 1659 1156 dictis
1703 1088 2057 1174 superius
2103 1095 2415 1174 constat,
2466 1088 3088 1175 impedimentum
3115 1088 3185 1155 h

729 1196 1049 1275 mulinis
1095 1192 1390 1263 fundari
1442 1194 1513 1261 in
1565 1196 1842 1263 unitate
1875 1202 1948 1265 et
1993 1195 2631 1267 indissolubilitate
2670 1195 3018 1333 nuptialis
3050 1194 3186 1266 foe-

741 1304 833 1368 *le
845 1328 873 1366 l
885 1304 937 1368 is
989 1298 1240 1370 [livino
1286 1301 1450 1370 iare
1495 1300 1858 1371 sancitis²

873 1416 969 1476 1Η
1025 1409 1118 1479 Ut
1162 1416 1414 1478 autem
1467 1407 1655 1478 licite
1701 1409 2009 1479 concedi
2058 1416 2131 1479 et
2177 1411 2554 1496 impetrari
2622 1416 2847 1498 queat
2908 1411 3191 1499 praedi-

725 1528 833 1580 κω
893 1515 1368 1602 :tlispensatiQ
1420 1517 1814 1603 requiritur
1845 1535 2076 1587 causa
2113 1519 2418 1586 omnino
2449 1513 2729 1607 gravis.
2779 1519 3187 1588 Cardinalis

729 1624 1041 1690 albitius
1090 1625 1158 1691 in
1212 1629 1385 1692 voto
1432 1624 1853 1693 consultivo
1902 1626 1999 1694 ab
2046 1627 2210 1711 ipso
2258 1637 2569 1695 exarato
2618 1644 2756 1712 pro
2803 1645 3042 1694 eausa
3095 1625 3190 1694 hi·

729 1722 1058 1820 agathensi
1100 1728 1679 1820 dispensationis
1740 1750 1973 1818 supra
2038 1733 2252 1801 citata
2322 1732 2418 1816 (n.
2473 1732 2583 1817 13)
2636 1738 2947 1804 testatur
2995 1734 3189 1804 hano

733 1860 897 1904 rarat-
949 1839 1361 1907 doctrinam
1413 1839 1749 1907 omnium
1801 1839 2400 1942 Canonistarum.
2441 1841 2651 1908 Ratio
2686 1846 2798 1908 est
2822 1846 2984 1909 tum
3019 1839 3190 1928 quia

733 1948 969 2024 :agilul-
1021 1944 1112 2013 de
1160 1946 1716 2032 dispensatione
1749 1946 1824 2013 in
1858 1947 2019 2015 iure
2052 1947 2324 2032 divino,
2358 1947 2452 2015 ad
2489 1965 2719 2034 quam
2759 1948 3187 2035 urgentiora

737 2056 1211 2136 rui-:purantur
1261 2053 1631 2122 rationum
1686 2059 2091 2139 momenta,
2140 2072 2371 2142 quam
2420 2053 2483 2122 si
2531 2053 2625 2121 de
2673 2049 3193 2124 humano‘tan·

733 2168 885 2224 tum
945 2164 1097 2228 iure
1145 2166 1514 2248 ageretur,
1565 2164 1726 2229 tum
1776 2161 1948 2248 quia
2001 2161 2187 2230 haec
2237 2161 2591 2231 relaxatio
2640 2179 2800 2229 rem
2852 2161 3196 2248 gravissi·

737 2288 933 2332 nium
977 2267 1273 2353 altingit.
1325 2267 1543 2338 Unde
1578 2269 1839 2335 merito
1872 2267 2282 2337 Cardinalis
2317 2267 2751 2351 Hostiensis,
2802 2268 3070 2335 Petrus
3102 2266 3192 2334 de

733 2380 1146 2458 :Klltjfll'lan
1196 2375 1572 2442 Antonius
1622 2374 1718 2443 de
1766 2374 2018 2443 Butrio
2067 2380 2341 2459 notant,
2374 2392 2525 2443 non
2557 2373 2915 2463 eaepedire
2945 2373 3024 2440 ῐη
3053 2374 3196 2442 hae

733 2480 1055 2548 smssfw'a
1103 2479 1424 2549 maltam
1473 2479 1761 2549 laaeare
1808 2478 2179 2549 habenas:
2228 2480 2429 2568 quod
2467 2480 2702 2567 probe
2733 2486 2940 2549 notat
2972 2481 3190 2550 etiam

733 2588 1131 2657 ruminalis
1158 2588 1584 2658 Lancellotti
1626 2589 1697 2656 in
1737 2606 1882 2656 suo
1925 2589 2192 2658 celebri
2223 2594 2397 2657 voto
2433 2588 2662 2657 relato
2704 2585 3189 2676 ab‘Ursaya⁸

733 2704 793 2760 *tl
857 2695 1168 2764 imbus
1217 2695 1594 2784 Pignatelli
1627 2693 1673 2763 ⁴.

877 2808 969 2868 Ill.
1025 2803 1800 2873 Animadvertendum
1851 2808 2098 2873 tamen
2149 2810 2279 2886 est,
2329 2821 2478 2870 non
2530 2821 2702 2872 esse
2752 2803 2821 2869 in
2857 2803 3021 2871 iure
3053 2808 3190 2871 sta·

737 2920 997 2996 ultum,
1045 2929 1291 2997 neque
1338 2929 1436 2980 ex
1483 2910 1677 2996 stylo
1724 2911 1989 2980 Curiae
2023 2910 2432 2995 inductum,
2471 2910 2665 2978 hanc
2707 2907 3192 2995 dispensandi

733 3038 1046 3086 inlusum
1094 3018 1519 3086 necessario
1568 3036 1657 3086 ao
1705 3017 1981 3087 directe
2029 3030 2370 3104 spectare
2418 3017 2694 3088 debere
2746 3015 3021 3085 bonam
3066 3035 3197 3104 ριι-

733 3124 1021 3208 lifwssm,
1070 3126 1204 3194 sed
1252 3123 1528 3194 sufficit
1586 3127 1808 3194 etiarn
1871 3134 1953 3194 ut
2015 3127 2110 3193 sit
2166 3143 2395 3194 causa
2461 3126 2770 3212 privata,
2823 3124 3051 3192 modo
3097 3141 3193 3191 ex

737 3234 1200 3313 maa-issimis
1248 3241 1733 3320 proponatur,
1785 3237 1857 3302 et
1904 3242 2170 3319 reapse
2203 3233 2508 3302 veritate
2540 3235 2836 3317 nitatur,
2872 3240 2955 3300 ut
2999 3236 3193 3319 patet

737 3364 822 3408 nx
877 3341 1557 3428 dispensationibus
1604 3360 1803 3427 quae
1850 3341 1947 3410 ab
1995 3341 2407 3428 apostolica
2454 3340 2647 3410 Sede
2697 3340 2977 3427 passim
3029 3357 3190 3408 oon·

737 3448 1101 3516 statuatur
1149 3463 1310 3517 tum
1370 3449 1759 3536 magnam,
1809 3453 1967 3516 tum
2020 3446 2323 3516 infimae
2372 3454 2591 3517 notae
2638 3447 2981 3534 personis
3017 3444 3060 3512 ⁵.

877 3560 981 3620 :Est
1036 3556 1148 3622 De
1193 3554 1441 3626 causis
1489 3554 1563 3621 in
1609 3554 1849 3644 speeie
1887 3573 2039 3642 pro
2072 3551 2646 3642 dispensatione.
2680 3593 2724 3601 —
2756 3554 2944 3622 Cum
2982 3552 3193 3641 igitur

737 3664 825 3724 :ul
885 3660 1068 3728 irrite
1102 3661 1697 3748 dispensandum
1732 3680 1967 3747 super
2004 3661 2300 3730 vinculo
2337 3661 2784 3729 matrimonii
2808 3661 2939 3729 rati
2966 3677 3189 3728 causa

739 3772 1042 3834 wulfino
1090 3769 1346 3856 gravis
1393 3787 1563 3837 esse
1612 3768 1898 3848 debeat,
1967 3767 2494 3855 inquirendum
2553 3774 2915 3855 superest,
2980 3785 3196 3854 quae-

741 3896 909 3940 nam
965 3875 1127 3943 illae
1175 3876 1322 3943 sint
1367 3894 1410 3944 a
1462 3875 1620 3944 iure
1667 3894 1805 3943 seu
1853 3875 2395 3944 consuetudine
2445 3875 2823 3961 probatae.
2856 3913 2901 3921 —
2934 3873 3193 3942 Plures

882 4159 885 4163 '
945 4144 1104 4200 {dem
1151 4143 1302 4199 ibid.
1359 4162 1475 4201 nn.
1528 4145 1568 4199 4
1615 4152 1676 4202 et
1721 4143 1780 4201 7.

873 4248 893 4256 *⁹
941 4244 1013 4316 &iffi
1070 4240 1210 4299 1-3.
1260 4241 1439 4300 huius
1481 4243 1761 4301 articuli.

885 4344 889 4352 '
945 4340 1183 4415 [lrsaya
1228 4341 1492 4414 (ἰὼ-σερε.
1543 4340 1656 4399 21.
1707 4359 1774 4399 η.
1828 4340 1937 4398 62.
1990 4350 2052 4399 et
2090 4360 2260 4416 seqq.

881 4448 889 4468 ·
945 4437 1313 4513 Ρὲςηεῖθὶὶὶε
1368 4438 1730 4495 Com-altat.
1780 4441 2145 4496 canonicae
2192 4447 2232 4496 t.
2280 4441 2334 4496 1.
2384 4438 2663 4496 consult.
2712 4436 2864 4496 148.
2917 4456 2982 4495 n.
3045 4436 3105 4495 7.

889 4556 893 4564 ·
945 4536 1071 4593 ΗΕΓ.
1107 4536 1330 4593 Bened.
1371 4536 1518 4594 XIV
1550 4543 1798 4611 quaest.
1830 4554 1981 4594 ean.
2005 4534 2165 4603 479,
2197 4537 2259 4594 in
2285 4554 2490 4593 causa
2521 4536 2928 4594 Urbam’ensi
2957 4537 3021 4596 S.
3041 4535 3107 4596 G.
3128 4535 3191 4594 G.

741 4640 833 4688 1·l·.-··
881 4632 941 4688 lt*
977 4636 1097 4692 ian.
1140 4632 1314 4691 1726.
