3509 5317
723 559 887 604 -v11-

182 686 358 763 Praeter
386 682 486 761 illud
516 683 625 759 enim
654 682 825 759 rationis
855 683 1119 777 momentum,
1150 679 1261 777 quod
1286 682 1347 756 Tu
1376 681 1416 757 in

184 807 388 888 eiusmodi
409 809 546 886 causis
565 805 866 904 pertractandis
886 824 1008 884 omne
1037 805 1219 884 studium
1240 822 1417 883 omnem-

184 951 266 1030 que
294 951 435 1010 curam
470 931 716 1026 adhibuisti,
746 931 995 1027 utquisque
1028 949 1105 1027 pro
1139 948 1215 1008 suo
1245 948 1417 1007 munere

185 1058 344 1137 valeret
379 1057 545 1135 verItati
581 1058 672 1136 rato
708 1053 931 1150 suflragari
973 1056 1146 1152 iudicio,
1176 1054 1300 1150 idque
1329 1059 1417 1131 tum

185 1202 315 1279 quum
351 1182 614 1278 gravissimis
651 1179 891 1276 fungebaris
929 1179 1073 1257 ciliciis
1111 1179 1223 1275 apud
1255 1196 1416 1255 sacram

185 1307 354 1387 Consilii
383 1305 753 1402 congregationem
783 1305 917 1401 priuS,
948 1304 1097 1383 deinde
1134 1303 1246 1399 apud
1275 1322 1417 1400 supre-

185 1452 297 1511 mam
326 1450 487 1512 sacram
516 1430 887 1526 congregationem
916 1430 1161 1508 universalis
1195 1430 1418 1525 inquisitio

185 1561 264 1655 nis,
293 1561 380 1635 tum
408 1560 452 1634 ut
481 1556 605 1634 iudex
636 1558 674 1633 in
704 1558 835 1634 sacris
864 1554 992 1635 Urbis
1019 1554 1417 1652 congregationibus

185 1704 316 1782 quum
344 1683 397 1762 ad
426 1682 726 1779 amplissimum
755 1700 1003 1779 sacrumque
1026 1683 1196 1760 Patrum
1225 1682 1416 1760 cardina·

185 1810 287 1888 lium
307 1810 502 1888 Ordinem
522 1810 669 1884 merito
690 1810 905 1904 cooptatus
925 1806 1054 1902 luisti;
1086 1826 1176 1885 meo
1201 1810 1417 1903 praeterea

185 1936 410 2012 versantur
438 1934 575 2010 animo
605 1935 644 2010 et
673 1935 760 2010 'lua
788 1934 829 2009 in
859 1950 980 2010 omne
1018 1931 1328 2028 disciplinarum
1357 1950 1418 2010 sa·

185 2076 354 2135 orarum
374 2076 518 2153 genus,
540 2057 721 2135 canonici
741 2058 988 2153 praesertim
1014 2057 1130 2153 iuris,
1152 2058 1416 2153 praestantia,

171 2186 228 2260 et
262 2182 591 2278 praeclarissima
626 2182 778 2279 quibus
815 2180 982 2260 excellis
1020 2185 1261 2260 ornamenta
1295 2184 1418 2259 virtu·

79 2295 84 2302 ’
186 2312 293 2404 tum,
323 2326 427 2404 quas
461 2309 502 2385 in
532 2306 718 2404 publicae
748 2309 786 2384 et
815 2308 1039 2385 catbolicae
1073 2310 1134 2386 rei
1173 2309 1419 2387 emolumen-

188 2437 276 2513 tum
305 2433 546 2529 impendere
575 2434 615 2509 in
644 2431 799 2510 deliciis
828 2431 969 2509 babes.
1002 2432 1161 2522 Quibus
1180 2433 1417 2512 asserendis

188 2560 278 2656 ipsa
309 2576 385 2654 per
413 2575 459 2635 se
487 2557 663 2634 clamant
698 2558 760 2633 tot
789 2554 878 2634 TIbi
914 2556 1066 2635 nedum
1095 2575 1119 2635 a
1148 2559 1223 2635 Pio
1258 2560 1314 2635 IX
1352 2556 1416 2634 tel.

188 2701 295 2775 rec,
325 2680 399 2759 sed
429 2683 467 2758 et
496 2700 519 2759 a
549 2681 678 2759 Sanct
669 2679 810 2758 issimo
839 2682 1012 2758 Domino
1044 2683 1210 2770 Nostro
1240 2686 1322 2759 tam
1352 2699 1419 2759 sa·

189 2809 302 2906 pient
305 2826 351 2885 er
384 2807 508 2885 bodie
542 2808 603 2884 t
635 2807 694 2882 int
695 2824 741 2882 er
783 2806 1018 2883 aestuantes
1057 2806 1229 2884 sociales
1266 2806 1417 2885 fluctus

187 2934 302 3011 Petri
324 2931 537 3009 naviculae
557 2929 717 3008 clavum
737 2929 1007 3027 gubernante
1029 2932 1163 3009 Leone
1188 2932 1302 3026 Papa
1323 2933 1416 3009 XIII

189 3055 435 3135 demandata
464 3055 601 3152 magni
631 3053 797 3151 quidem
829 3056 1024 3132 momenti
1055 3073 1239 3144 munera,
1264 3057 1305 3134 in
1334 3059 1419 3153 qui-

191 3181 273 3259 bus
302 3179 506 3258 obeundis
535 3179 586 3258 de
615 3178 838 3275 apostolica
867 3179 984 3275 Sede,
1004 3181 1131 3258 immo
1151 3180 1203 3259 de
1225 3183 1418 3262 universo

190 3306 418 3383 christiano
447 3304 610 3382 nomine
639 3323 685 3382 es
713 3305 867 3400 optime
898 3305 1080 3382 meritus.

270 3433 381 3508 Ilaec
410 3449 464 3508 ex
495 3430 729 3526 praecipuis
758 3431 833 3507 Tui
862 3430 988 3508 animi
1027 3430 1193 3510 dotibus
1226 3434 1419 3529 princeps

190 3555 435 3651 deprompta
455 3556 572 3650 ratio,
593 3573 674 3650 qua
695 3555 804 3632 bunc
823 3554 926 3650 Tibi,
948 3555 1211 3651 amplissime
1231 3558 1417 3654 Praesul,

191 3683 308 3758 ratus
336 3698 430 3758 sum
462 3679 643 3759 libellum
671 3679 910 3758 inscribere.

271 3803 335 3883 Ad
363 3822 429 3882 me
457 3808 604 3882 autem·
626 3804 737 3900 quod
765 3805 920 3900 attinet,
951 3805 1142 3901 equidem
1170 3807 1308 3883 nescio
1340 3805 1419 3884 alia

190 3946 272 4025 qua
311 3931 469 4006 ratione
497 3929 575 4006 nisi
611 3930 722 4005 tenui
760 3929 838 4005 boc
866 3933 1113 4025 argumento
1142 3928 1299 4007 valeam
1330 3929 1419 4009 Tibi

190 4053 415 4149 gratissimi
445 4052 569 4129 animi
598 4053 679 4129 mei
707 4070 877 4130 sensum
907 4054 1001 4149 pate
979 4051 1137 4129 efacere
1165 4070 1243 4148 pro
1273 4051 1421 4131 benefl-

190 4179 287 4267 ciis,
319 4194 426 4273 quae
455 4194 510 4254 ex
538 4179 625 4254 Tuo
655 4180 856 4272 expertus
885 4194 977 4254 sum
1006 4178 1077 4272 pat
1079 4178 1303 4254 rocinio-
1340 4176 1420 4256 Sed

191 4303 388 4400 peculiari
416 4304 634 4398 praeterea
662 4303 821 4380 ratione
856 4302 933 4380 bas
968 4300 1193 4381 elucubrat
1166 4306 1299 4381 tiones
1331 4305 1419 4381 Tuo

191 4427 354 4504 nomine
374 4430 568 4505 exornari
588 4445 767 4524 aequum
796 4431 897 4505 erat.
929 4429 1161 4505 lIeminerit
1185 4428 1294 4504 enim
1314 4429 1420 4505 llmi-

191 4550 328 4628 nentia
356 4551 456 4645 Tua,
476 4551 587 4647 quod
607 4541 671 4629 'vel
699 4551 753 4630 ab
780 4552 946 4629 ineunte
975 4570 1066 4629 mea
1094 4552 1318 4648 iuventute,
1339 4556 1421 4630 stu-

192 4678 270 4757 diis
298 4678 501 4757 eiusmodi
530 4680 820 4758 canonicarum
850 4681 1151 4776 quaestionum,
1170 4669 1289 4776 'quae
1325 4682 1421 4760 tunc
