3509 5317
1740 525 2097 585 -434-

697 662 1027 732 notitiam
1076 661 1534 751 evulgarent.
1571 662 1706 731 His
1737 661 2050 750 cognitis
2082 662 2154 729 in
2187 660 2539 730 iudicium
2588 658 2906 729 vocandi
2940 662 3165 727 erunt

697 778 921 842 testes
970 769 1264 856 inducti,
1315 775 1387 839 et
1434 770 1702 840 eodem
1753 770 1982 840 modo
2016 769 2346 839 examini
2387 766 2844 854 subiiciendi,
2893 772 2980 836 ut
3010 772 3165 837 tan-

697 882 869 950 dem
915 877 1318 965 aliquando
1371 877 1490 952 vel
1543 879 1642 947 ad
1681 881 1923 953 ‚testes
1968 876 2062 953 de
2118 877 2308 959 visu,
2358 876 2473 944 vel
2531 875 2628 944 ad
2674 880 2882 946 certa
2935 874 3162 943 docu-

697 989 941 1055 menta
990 983 1390 1053 obtinenda
1439 984 1937 1070 perveniatur.
1998 982 2564 1052 Animadvertat
2607 981 2856 1066 iudex,
2906 998 3007 1048 ne
3037 980 3162 1050 ad—

697 1094 933 1162 mittat
977 1111 1130 1178 eos,
1179 1091 1305 1181 qui
1361 1097 1628 1180 sponte
1674 1091 1773 1160 ad
1819 1109 2144 1161 examen
2193 1091 2678 1176 accesserint,
2727 1089 2904 1178 quia
2954 1107 3159 1158 men-

693 1202 920 1270 daces
953 1203 1585 1286 praesumuntur:
1632 1203 1704 1269 et
1747 1199 1809 1268 si
1857 1198 2181 1287 requisiti
2215 1196 2501 1285 fuerint,
2536 1203 2849 1285 quaerat
2895 1197 2997 1266 ab
3026 1198 3161 1285 eis,

693 1330 737 1375 a
773 1306 1247 1394 quibusnam,
1283 1306 1428 1392 ubi,
1464 1305 1791 1393 quando,
1826 1306 2230 1394 quomodo,
2260 1323 2514 1376 coram
2542 1304 2838 1391 quibus
2874 1309 2948 1374 et
2978 1323 3161 1392 quo-

697 1418 829 1482 ties
876 1412 1145 1485 fuerint
1175 1414 1539 1502 requisiti3
1577 1419 1826 1488 utrum
1861 1432 1999 1500 pro
2035 1413 2179 1485 hoc
2210 1413 2627 1484 testimonio
2659 1409 2970 1493 ferendo
3008 1410 3162 1482 fue-

697 1522 785 1590 rit
833 1523 1011 1610 ipsis
1043 1521 1317 1610 aliquid
1352 1522 1633 1607 datum,
1667 1521 2152 1609 promissum,
2202 1521 2629 1604 remissum,
2665 1517 2779 1586 vel
2816 1516 3154 1587 oblatum

693 1650 733 1698 a
789 1629 1127 1718 personis
1157 1629 1512 1704 interesse
1546 1626 2017 1715 habentibuS,
2067 1626 2182 1696 vel
2209 1626 2305 1695 ab
2330 1627 2490 1697 aliis
2522 1644 2788 1695 eorum
2822 1626 3150 1694 nomine.

637 1822 645 1830 Ι
693 1735 1035 1806 Similiter
1082 1736 1440 1821 advertat,
1490 1753 1640 1802 non
1675 1752 1847 1803 esse
1878 1733 2380 1815 admittendos
2427 1736 2669 1816 testes,
2719 1732 2844 1819 qui
2904 1749 3161 1819 perso-

697 1866 853 1926 nas,
915 1845 1010 1913 de
1064 1844 1340 1932 quibus
1387 1843 1648 1930 agitur,
1717 1842 1936 1928 plene
2001 1860 2150 1911 non
2207 1844 2673 1929 cognoscant
2693 1859 2711 1925 ;
2762 1845 2835 1908 et
2897 1857 3161 1908 conse-

693 1956 1003 2038 quenter
1051 1955 1453 2020 extraneos
1517 1967 1668 2017 non
1732 1966 1902 2018 esse
1959 1953 2184 2017 testes
2242 1947 2573 2031 idoneos,
2636 1946 2773 2014 nisi
2834 1965 2874 2014 a
2929 1945 3157 2032 longo

693 2066 1028 2146 ternpore
1073 2060 1145 2126 in
1197 2058 1340 2126 hoc
1384 2055 1674 2140 fuerint,
1724 2064 1856 2125 aut
1901 2049 1998 2125 ex
2031 2054 2530 2142 peculiaribus
2579 2052 3158 2123 circumstantiis

689 2173 1047 2254 appareat
1092 2183 1226 2235 eos
1258 2164 1754 2252 cognitionem
1788 2163 2067 2246 habere
2091 2163 2423 2249 potuisse
2447 2161 2541 2228 de
2574 2159 2681 2242 iis,
2721 2177 2920 2246 quae
2946 2175 3162 2228 enar-

693 2282 874 2342 rant.
924 2271 1138 2354 Quod
1172 2272 1234 2340 si
1283 2277 1506 2340 testes
1536 2271 1695 2340 sive
1726 2272 1824 2339 de
1857 2270 2044 2355 visu,
2093 2271 2253 2339 sive
2284 2268 2379 2338 de
2412 2268 2668 2338 auditu
2700 2264 2958 2334 haberi
2998 2283 3155 2333 non

691 2387 1054 2466 poterunt,
1104 2377 1696 2447 considerandae
1726 2382 1948 2447 erunt
1991 2375 2589 2464 circumstantiae
2621 2391 2892 2443 omnes
2940 2373 3013 2441 in
3060 2372 3161 2443 fa-

689 2494 805 2554 cto
857 2491 1410 2570 concurrenteS,
1473 2490 1546 2554 et
1589 2483 1974 2572 diligenter
2030 2484 2597 2571 ponderandae,
2650 2487 2730 2552 ut
2775 2482 3156 2568 videatur,

693 2600 940 2662 utrum
989 2611 1090 2662 ex
1134 2593 1427 2662 illarum
1477 2592 1883 2679 complexu
1943 2609 2318 2680 exurgere
2361 2591 2599 2678 possit
2658 2583 2968 2659 moralis
3034 2589 3157 2659 illa

689 2701 1067 2786 uertitudO,
1117 2719 1311 2788 quae
1345 2699 1770 2769 necessaria
1805 2706 1923 2769 est
1957 2706 2033 2768 ut
2065 2698 2413 2767 iudicium
2444 2695 2880 2785 proferatur.
2917 2697 3156 2765 Porro

689 2808 1284 2878 circumstantiae
1309 2806 1492 2877 istae
1527 2806 1973 2893 praecipuae
2004 2811 2220 2874 sunt:
2269 2813 2477 2875 aetas
2534 2823 2923 2891 personae,
2955 2822 3157 2890 quae

693 2921 979 2983 mot-tua
1016 2915 1296 2999 dicitur,
1334 2919 1585 2983 utrum
1618 2913 1887 2999 senior,
1922 2931 2019 2981 an
2052 2913 2295 2980 iunior
2326 2910 2577 2998 fuerit3
2628 2916 2932 2999 tempus
2963 2911 3157 2980 eius·

693 3022 861 3090 dem
917 3021 1299 3090 discessus
1345 3039 1387 3090 a
1439 3020 1673 3108 patria
1723 3026 1795 3089 et
1842 3019 2135 3107 familia,
2185 3025 2437 3089 utrum
2490 3019 2788 3107 longius
2835 3037 2935 3088 an
2994 3019 3158 3088 bre·

693 3134 892 3216 vius3
943 3129 1173 3213 locus,
1224 3129 1339 3198 vel
1390 3128 1573 3215 loca,
1622 3129 1714 3198 ad
1751 3148 1948 3217 quae
1993 3147 2078 3197 se
2124 3127 2528 3218 contulerit,
2573 3132 2826 3196 utrum
2880 3126 3156 3196 valetu-

689 3238 837 3302 dini
886 3235 1254 3321 corporali
1300 3237 1547 3321 noxia,
1596 3255 1692 3305 an
1726 3243 1799 3305 et
1830 3236 2109 3323 quibus
2138 3234 2768 3304 vicissitudinibus
2813 3233 3152 3303 subiecta

693 3345 978 3431 fuerint,
1029 3361 1147 3413 ex.
1195 3361 1304 3431 gr.
1353 3361 1538 3412 num
1607 3343 1877 3413 ibidem
1929 3342 2142 3428 bella,
2194 3342 2308 3411 vel
2374 3340 2828 3428 pestilentiae
2874 3341 3156 3410 saevie—

693 3454 872 3534 rit-123
921 3452 1260 3520 eiusdem
1312 3469 1678 3536 personae
1710 3453 2016 3539 physica
2054 3451 2492 3538 constitutio,
2544 3455 2793 3519 utrum
2844 3469 3035 3519 sana
3080 3455 3155 3519 et

693 3562 1012 3645 robusta,
1062 3577 1157 3627 an
1208 3558 1469 3628 debilis
1531 3566 1601 3627 et
1646 3557 1965 3629 infirma.
2015 3559 2169 3628 Erit
2212 3557 2547 3636 similiter
2608 3557 3150 3644 perpendenda

697 3685 947 3751 causa,
997 3679 1231 3753 quare
1278 3685 1319 3735 e
1367 3667 1664 3754 propria
1701 3665 2124 3735 discesserit
2153 3664 2403 3750 domO,
2440 3669 2691 3734 utrum
2742 3682 3020 3750 nempe
3052 3663 3149 3732 ad

689 3773 1063 3858 negotium
1117 3772 1234 3841 vel
1283 3774 1377 3843 ad
1428 3778 1665 3842 artem
1697 3773 2028 3861 aliquam
2069 3770 2605 3857 exercendam,
2642 3789 2739 3841 an
2790 3770 3039 3857 potius
3073 3781 3150 3839 ut

693 3882 1087 3968 coniugem
1123 3880 1686 3969 derelinqueret.
1720 3882 1923 3950 Haec
1956 3880 2309 3969 cognosci
2353 3880 2465 3949 vel
2498 3878 2764 3948 deduci
2800 3885 3150 3964 poterunt

689 4006 785 4054 ex
837 3986 1234 4072 benevolis,
1283 3993 1413 4057 aut
1481 3989 1867 4058 contrariis
1922 3987 2423 4073 relationibuS,
2474 4005 2668 4074 quas
2715 3983 2832 4054 vel
2897 3985 3144 4054 coniu-

689 4114 821 4182 ges
871 4093 1293 4163 habuerunt
1324 4094 1511 4163 inter
1542 4112 1644 4180 se,
1681 4094 1997 4164 durante
2029 4111 2291 4162 eorum
2327 4091 2834 4177 contuberniO,
2886 4091 3002 4161 vel
3030 4089 3145 4176 ille

689 4202 809 4286 qui
861 4198 1217 4286 discessit,
1265 4201 1721 4271 continuavit
1773 4219 1949 4270 cum
1997 4201 2255 4271 altero,
2294 4199 2614 4287 coniuge
2657 4199 2818 4267 sive
2866 4216 3003 4284 per
3050 4197 3144 4264 lit-

689 4321 882 4374 teras
929 4306 1088 4375 sive
1137 4323 1269 4392 per
1315 4307 1649 4393 nunciOS,
1701 4308 1764 4376 si
1810 4309 2008 4376 enim
2071 4305 2508 4392 constiterit,
2555 4305 2651 4375 ad
2699 4309 3003 4394 tempus
3049 4310 3143 4372 ta·

701 4414 841 4481 len]
893 4413 1376 4499 epistolarum
1425 4415 1585 4484 sive
1633 4416 2073 4484 relationum
2122 4413 2745 4484 consuetudinem
2792 4410 3135 4496 adfuisse,

689 4530 757 4590 et
805 4528 1058 4606 postea
1107 4540 1470 4614 cessasse,
1517 4524 1697 4610 quin
1747 4524 2180 4592 cessationis
2226 4541 2459 4593 causa
2507 4526 2636 4592 aut
2680 4521 2866 4590 ratio
2912 4537 3132 4607 appa·

689 4642 861 4710 reat,
924 4630 1176 4716 gravis
1230 4628 1325 4699 de
1385 4638 1626 4699 morte
1687 4630 1881 4701 obita
1931 4631 2441 4719 praesumptio
2501 4628 2939 4715 habebitur;
2985 4627 3047 4697 si
3089 4644 3132 4695 e
