3509 5317
877 499 1056 561 -186-

349 642 522 713 maiores.
548 641 663 728 idque
687 644 744 708 est
759 636 852 707 iaris
872 636 1060 725 peritiam:
1085 656 1160 706 non
1185 654 1230 705 eo
1255 654 1373 705 sensu
1397 633 1501 723 quod
1525 636 1582 704 ius

349 747 514 835 gentium
539 745 748 833 praecipiat,
773 750 814 813 ut
836 744 885 813 ad
901 762 1059 814 eausam
1076 742 1281 830 quamlibet
1303 741 1578 811 terminandam

349 855 425 922 duo
449 852 638 922 sufficiant
665 856 787 937 testea,
811 850 881 920 sed
905 851 994 938 quia
1023 870 1099 920 non
1124 850 1253 936 plures
1284 850 1455 937 requirit,
1482 850 1580 919 iuxta

348 961 478 1031 Christi
508 959 724 1030 oraculum:
757 959 798 1026 ln
821 976 888 1026 ore
911 956 1076 1027 alcoram
1107 956 1164 1026 vel
1188 955 1304 1025 trium
1331 954 1482 1026 testium
1506 961 1582 1025 stat

349 1086 458 1136 omae
482 1065 636 1134 uerbum
657 1064 678 1132 ¹.
756 1057 759 1064 ’

417 1177 470 1242 11.
497 1174 553 1241 De
578 1171 614 1240 ui
633 1169 824 1262 probandi
844 1191 915 1261 per
941 1176 1051 1240 testes
1074 1170 1316 1240 diuersorum
1339 1168 1527 1240 classium.

416 1283 463 1349 At
487 1299 561 1349 non
587 1299 722 1349 omnes
745 1284 869 1366 testes
895 1297 1129 1367 quamquam
1153 1278 1286 1363 idonei,
1303 1279 1479 1348 eamdem
1504 1296 1585 1364 pro

350 1390 463 1459 bandi
489 1390 564 1457 vim
590 1389 739 1458 habent.
763 1387 833 1456 Alii
857 1386 1042 1474 siquidem
1070 1387 1244 1455 dieantur
1269 1389 1380 1455 testes
1402 1384 1450 1453 de
1474 1381 1586 1453 seien-

352 1496 418 1582 tia,
445 1498 509 1584 qui
538 1514 675 1583 nempe
704 1496 913 1582 deponunt,
945 1511 987 1562 se
1011 1494 1107 1563 scire
1132 1512 1211 1563 rem
1236 1501 1381 1581 gestam
1405 1510 1512 1574 esse,
1535 1508 1582 1559 eo

350 1607 452 1693 quod
477 1604 628 1692 proprio
652 1622 779 1690 sensu,
804 1622 835 1672 e.
860 1620 895 1689 g.
922 1602 1005 1671 visu
1031 1600 1088 1670 vel
1113 1601 1242 1670 auditu
1266 1599 1582 1687 deprehenderint

351 1731 394 1782 ea
419 1730 516 1799 quae
532 1709 774 1779 testificantur
791 1707 821 1794 2;
838 1708 936 1778 -alii
954 1713 1136 1777 vocantur
1156 1711 1267 1775 testes
1281 1705 1328 1774 de
1343 1704 1582 1790 credulitate,

350 1826 386 1889 et
408 1824 504 1888 sunt·
518 1819 582 1906 qui
599 1818 706 1887 iurati
722 1818 926 1902 deponunt,
945 1834 988 1883 se
1012 1815 1175 1899 eredere,
1193 1834 1274 1885 rem
1297 1815 1348 1883 ita
1363 1834 1405 1883 se
1435 1815 1585 1897 babere,

351 1943 419 1994 seu
444 1925 506 2012 qui
532 1923 668 2012 aliquid
701 1923 897 2010 deponunt
920 1921 1172 2006 affirmantes,
1197 1940 1239 1988 se
1267 1921 1302 1989 id
1327 1941 1377 1991 ex
1402 1923 1589 1991 coniectu·

352 2033 402 2101 ris
425 2051 575 2120 eruere,
600 2031 704 2103 -alii
729 2035 819 2100 sunt
843 2034 953 2099 testes
977 2027 1023 2097 de
1047 2027 1182 2098 auditu
1198 2027 1333 2114 alieno,
1360 2029 1423 2115 qui
1447 2047 1587 2115 nempe

351 2145 542 2225 testantur,
567 2158 609 2207 se
626 2138 661 2206 id
686 2159 708 2209 a
732 2138 904 2225 personis
921 2135 996 2205 lide
1012 2136 1133 2225 dignis
1154 2136 1358 2221 audivisse;
1382 2137 1480 2208 -alii
1499 2143 1589 2205 sunt

353 2250 463 2315 testes
486 2245 532 2315 de
549 2244 678 2333 fama
698 2246 761 2332 qui
777 2244 977 2330 affirmant,
996 2261 1076 2310 rem
1102 2262 1169 2329 per
1193 2243 1391 2312 bominum
1416 2261 1482 2312 ora
1501 2261 1588 2312 esse

352 2352 554 2437 vulgatam.

420 2459 498 2528 lam
523 2476 613 2527 vero
639 2457 799 2545 probant
815 2461 925 2525 testes
941 2454 988 2526 de
1012 2455 1166 2525 seientia
1173 2476 1188 2541 ;
1216 2495 1239 2503 -
1263 2461 1372 2527 testes
1396 2464 1523 2527 autem
1540 2455 1588 2525 de

345 2564 475 2656 soma,
502 2574 566 2635 aut
581 2564 628 2635 de
651 2562 923 2634 6661666666
940 2565 1005 2633 vix
1028 2564 1277 2651 semiplenam
1301 2566 1479 2634 exhibent
1503 2582 1588 2651 pro
1621 2558 1625 2564 ’

351 2674 558 2761 bationem3
583 2712 606 2721 -
628 2681 742 2743 testes
766 2691 857 2741 vero
881 2672 928 2741 cle
951 2671 1174 2742 credulitate
1195 2673 1295 2741 baud
1320 2673 1490 2759 probant,
1516 2671 1587 2739 nisi

267 2848 270 2853 ,
350 2778 443 2851 forte
468 2780 649 2850 rationem
681 2778 840 2850 afferant
869 2778 967 2848 facto
999 2779 1330 2867 aequipollentem,
1355 2784 1419 2847 aut
1443 2777 1514 2845 nisi
1539 2777 1588 2846 de

352 2888 396 2956 iis
419 2893 562 2976 agatur,
588 2906 686 2975 quae
710 2887 758 2956 ab
781 2888 870 2956 artis
894 2887 1022 2974 peritia
1047 2887 1259 2977 dependent
1276 2884 1298 2953 ³.

419 2995 476 3062 Ad
502 2994 579 3062 vim
603 2994 787 3081 probandi
811 3012 878 3079 per
897 3004 1007 3063 testes
1023 2994 1171 3081 plenius
1187 2993 1591 3082 dignoscendamme-

352 3103 506 3170 minisse
531 3110 724 3188 praeterea
749 3120 848 3188 opus
871 3107 944 3185 est,
970 3103 1072 3189 quod
1096 3102 1155 3171 alii
1179 3102 1355 3171 dicuntur
1377 3106 1586 3188 eoqtestea,

352 3210 411 3278 alii
437 3212 547 3277 testea
570 3207 790 3298 stupratores.
816 3247 835 3258 ·
865 3208 1053 3277 Contestes
1070 3196 1158 3279 sunt
1181 3210 1257 3278 duo
1285 3208 1341 3279 vel
1365 3210 1503 3297 plureS,
1520 3210 1588 3297 qui

353 3315 389 3382 in
414 3310 549 3384 eadem
579 3315 733 3383 omnino
764 3317 1002 3385 consentiunt
1032 3328 1161 3385 rerum
1184 3315 1444 3402 laetorumque
1473 3335 1591 3385 enun-

353 3421 508 3490 ciatione
531 3430 597 3489 aut
619 3422 848 3507 narratione3
872 3458 895 3470 -
919 3422 1090 3508 quivero
1110 3424 1146 3490 in
1171 3423 1306 3492 eodem
1329 3422 1481 3510 quidem
1500 3424 1591 3492 iudi·

352 3527 419 3614 cio,
440 3532 481 3605 ,at
503 3544 619 3613 super
642 3524 802 3595 diuersis
825 3546 901 3615 quo
926 3527 974 3597 ad
999 3529 1247 3598 substantiam
1274 3529 1332 3597 vel
1355 3548 1431 3617 quo
1457 3530 1506 3599 ad
1522 3531 1591 3599 oir-

352 3635 598 3704 eumstantias
623 3634 880 3722 testificantur,
905 3636 1115 3726 sinyulures
1139 3638 1323 3708 diountur.
1347 3640 1464 3709 Porro
1490 3641 1588 3727 diota

420 3817 428 3853 ¹
452 3816 567 3875 Matth.
592 3834 664 3889 cap.
693 3816 746 3874 18.
772 3834 799 3874 a.
828 3818 882 3876 16.

341 3973 356 3994 l
419 3911 588 3988 2Ptrntng
611 3912 665 3969 lib.
689 3910 721 3968 2.
746 3914 793 3969 tit.
818 3912 875 3972 20.
901 3933 936 3974 a.
966 3915 1041 3976 131.

298 4035 303 4041 ·
416 4009 428 4045 ³
450 4009 515 4069 011.
538 4008 723 4068 Laureuium
756 4009 775 4068 l.
800 4028 827 4068 c.
848 4010 880 4067 3.
902 4031 951 4088 qq.
971 4013 1050 4070 612.
1069 4013 1151 4070 613.
1171 4014 1253 4075 611.
1279 4045 1301 4057 -
1315 4014 1345 4073 Is
1366 4018 1475 4073 auctor
1495 4031 1592 4090 quae-

354 4107 453 4167 stione
469 4106 547 4165 612.
561 4108 754 4166 demonstrat
774 4126 870 4184 quare
892 4115 987 4170 testes
1002 4112 1040 4168 de
1055 4113 1252 4170 erudelitate
1266 4129 1302 4170 ao
1316 4111 1357 4170 de
1371 4112 1491 4169 artditu
1506 4111 1590 4170 ordi·

353 4205 439 4264 narie
461 4223 514 4264 seu
535 4205 803 4281 regulariteraeo
825 4208 956 4283 probent
981 4227 1036 4268 neo
1058 4210 1266 4272 admittantur
1288 4210 1366 4283 (aa.
1393 4207 1479 4287 1-2).
1502 4241 1524 4253 -
1544 4212 1589 4268 At

353 4304 457 4380 plures
479 4304 510 4361 in
527 4302 658 4361 medium
680 4301 799 4378 profert
821 4304 969 4364 eiusmodi
992 4308 1119 4383 regulae
1140 4308 1337 4386 exceptiones
1357 4305 1433 4384 (aa.
1452 4305 1541 4381 3-4),
1553 4310 1590 4366 ut

353 4405 532 4481 frequenter
563 4402 677 4462 accidit
707 4403 738 4461 in
760 4404 862 4463 causis
897 4386 1180 4467 matrimonialibus
1210 4409 1246 4467 de
1268 4407 1399 4467 testibus
1428 4407 1590 4481 septimae

354 4520 488 4560 manus.
513 4533 530 4545 -
552 4502 677 4565 Quaest
702 4503 805 4560 autem
837 4500 909 4558 613
938 4508 972 4563 et
993 4503 1062 4561 614
1090 4506 1181 4583 plura
1212 4504 1340 4564 disserit
1366 4504 1407 4561 de
1427 4503 1535 4577 sama,
1556 4508 1591 4563 et

353 4618 502 4678 quaenam
524 4599 732 4672 reruiraatur,
756 4607 791 4658 ut
812 4606 903 4658 testes
925 4601 964 4659 de
984 4603 1078 4675 fama
1100 4604 1283 4680 deponentes
1304 4600 1420 4678 aliquid
1443 4601 1586 4678 probent.
