3509 5317
1730 468 2092 530 ...294-

686 616 878 664 men.
930 636 974 644 —
1019 598 1207 667 Hinc
1252 599 1470 669 etiam
1534 606 2146 692 consanguinitas
2216 609 2374 677 iure
2430 624 2818 677 canonum
2870 608 3018 678 late
3066 628 3176 681 ac

686 705 1111 774 naturaliter
1156 707 1529 794 accipitur,
1565 708 1659 778 ita
1714 717 1793 780 ut
1822 720 2140 800 agnatos
2171 718 2243 783 et
2274 721 2660 802 cognatOS,
2695 733 2835 784 seu
2877 734 3172 787 omnes

682 812 1219 882 descendentes
1267 814 1428 887 sive
1458 836 1501 887 a
1538 817 1877 890 maribus
1909 821 2068 890 sive
2100 841 2142 891 a
2180 819 2475 891 feminis
2523 823 3162 910 comprehendat,

682 936 770 1004 ita
830 936 1128 1024 Piri-ling
1172 936 1274 1017 (h.
1313 939 1358 1002 t.
1394 952 1463 1000 n.
1495 933 1575 1014 2)
1622 948 1722 998 ex
1766 929 2103 998 Barbosa
2149 929 2248 1010 (h.
2288 932 2336 997 t.
2371 948 2442 997 n.
2479 927 2575 1012 6).
2622 967 2671 976 —
2715 931 2951 1000 Porro
2990 951 3167 1019 per-

682 1064 958 1128 sonae,
1008 1039 1436 1111 huiusmodi
1505 1035 2169 1125 consanguinitatis
2218 1035 2514 1106 vinculo
2580 1038 3027 1108 coniunctae
3074 1038 3156 1106 in

682 1152 866 1220 linea
922 1160 1347 1220 transversa
1381 1144 1698 1233 aequali,
1736 1144 1917 1212 utin
1967 1144 2311 1227 themate,
2347 1149 2451 1212 tot
2480 1145 2850 1231 gradibus
2874 1145 3160 1215 distant

682 1260 866 1324 inter
914 1276 1017 1343 se,
1051 1260 1235 1343 quot
1279 1252 1638 1342 gradibus
1685 1251 1959 1321 distant
2003 1269 2049 1318 a
2097 1250 2356 1337 stipite,
2395 1250 2493 1320 uti
2528 1250 2948 1321 desumitur·
2993 1257 3159 1321 tan-

682 1384 910 1452 quam
990 1363 1242 1451 regula
1312 1380 1411 1431 ex
1474 1378 1640 1447 cap.
1703 1357 1811 1428 ad
1876 1356 2126 1426 sedem
2187 1361 2262 1426 et
2319 1376 2488 1447 eap.
2558 1357 2962 1448 parentela
3029 1361 3152 1428 35.

678 1476 966 1560 quaeat*
1013 1473 1076 1539 5.
1126 1470 1313 1538 Cum
1361 1469 1558 1536 enim
1610 1472 1754 1535 tota
1806 1472 1880 1534 et
1923 1466 2341 1552 adaequata
2379 1467 2565 1543 ratio
2602 1466 3154 1536 coniunctionis

682 1580 954 1644 harum
1001 1594 1496 1664 personarum
1548 1573 1641 1642 sit
1688 1572 1864 1640 unio
1913 1591 2087 1641 cum
2138 1572 2377 1659 stipite
2424 1574 2837 1657 communi,
2880 1575 3150 1642 merito

682 1691 1209 1772 computantur
1254 1682 1539 1771 gradus
1588 1680 1798 1749 iuxta
1843 1679 2268 1749 distantiam
2314 1680 2413 1748 ab
2461 1679 2602 1767 illo,
2637 1698 2778 1748 nec
2829 1687 3154 1766 possunt

682 1796 922 1880 magis
970 1802 1099 1861 aut.
1147 1790 1396 1859 minus
1443 1790 1717 1859 distare
1767 1788 1950 1857 inter
1998 1804 2101 1873 se,
2137 1804 2368 1874 quam
2421 1808 2461 1856 a
2516 1788 2780 1874 stipite.
2832 1789 2938 1856 Ita
2967 1787 3153 1858 San-

678 1904 858 1968 [thaz
910 1903 1053 1980 {De
1099 1903 1325 1967 matr.
1377 1895 1421 1965 l.
1472 1901 1533 1966 7.
1581 1895 1772 1984 disp.
1823 1897 1939 1964 50.
1995 1913 2067 1963 n.
2119 1898 2231 1980 5),
2303 1895 2609 1983 Pirhing
2671 1896 2771 1976 (h.
2831 1900 2877 1964 t.
2925 1917 2995 1964 n.
3047 1897 3149 1982 5).

682 2008 798 2076 Sic
850 2012 1092 2096 itaque
1122 2005 1247 2075 filii
1294 2010 1366 2074 et
1397 2003 1591 2074 filiae
1627 2003 2071 2090 patruelium
2112 2001 2228 2072 vel
2275 2003 2932 2089 consobrinorum,
2966 2004 3153 2090 quia.

682 2120 750 2184 in
806 2116 994 2184 linea
1053 2119 1253 2183 recta
1302 2112 1575 2181 distant
1644 2110 1880 2180 tribus
1940 2110 2302 2197 gradibus
2350 2130 2393 2180 a
2444 2109 2830 2179 communi
2882 2110 3146 2198 stipite,

682 2224 846 2292 ideo
898 2221 1033 2289 sibi
1080 2229 1258 2290 sunt
1303 2221 1373 2287 in
1416 2219 1622 2288 tertio
1670 2218 1911 2305 gradu
1961 2216 2354 2302 coniuncti,
2390 2222 2473 2286 ut
2504 2219 2777 2303 pariter
2827 2218 2896 2286 in
2932 2237 3146 2289 casu.

810 2332 874 2396 9.
930 2332 1079 2396 lam
1130 2345 1351 2411 ver0,
1401 2325 1764 2413 quidquid
1821 2325 1913 2392 sit
1958 2324 2051 2392 de
2100 2325 2259 2392 iure
2329 2330 2688 2410 naturae,
2740 2343 2894 2412 quo
2954 2323 3146 2396 forte

678 2436 918 2520 aliqua
974 2433 1581 2522 consanguinitas
1627 2430 1897 2500 dirimit
1943 2420 2502 2500 matrimonium
2541 2432 3147 2502 contrahendum

678 2543 842 2628 (Gfr.
894 2542 1226 2612 Sanchez
1274 2540 1319 2609 l.
1371 2543 1430 2609 7.
1480 2539 1551 2609 d.
1600 2539 1737 2624 51),
1789 2539 2429 2625 consanguinitaS,
2483 2548 2564 2609 ut
2621 2542 2972 2627 superius
3027 2561 3149 2611 ac-

678 2656 926 2736 cepta,
978 2648 1151 2717 illud
1200 2649 1359 2717 iure
1408 2645 1784 2735 pontificio
1847 2664 1996 2713 non
2054 2647 2382 2732 amplius
2412 2701 2429 2732 ‚
2482 2654 2562 2715 ut
2608 2647 2821 2733 olim,
2870 2649 3148 2719 dirimit

678 2776 922 2844 usque
970 2757 1064 2826 ad
1111 2756 1557 2842 septimum,
1608 2754 1742 2821 sed
1795 2771 2036 2840 usque
2090 2753 2186 2823 ad
2236 2761 2588 2840 quartum
2662 2757 2992 2843 gradum
3041 2758 3147 2825 in-

678 2864 978 2948 clusive,
1025 2863 1119 2933 ad
1169 2882 1396 2951 quem
1446 2861 1769 2950 gradum
1818 2861 2437 2947 impedimentum
2508 2862 2651 2930 hoc
2717 2866 3138 2935 restrictum

674 2968 806 3036 fuit
854 2972 922 3036 in
974 2969 1291 3040 Concilio
1347 2968 1834 3038 Lateranensi
1883 2968 1980 3035 IV
2030 2968 2176 3036 sub
2225 2968 2475 3037 Innoc.
2529 2969 2657 3053 111,
2709 2976 2789 3038 ut
2847 2979 3144 3044 constat
3257 3050 3267 3057 ,

678 3096 774 3144 ex
838 3096 996 3164 cap.
1055 3093 1206 3144 non
1272 3075 1483 3146 debet
1530 3077 1595 3144 8.
1643 3074 1736 3143 de
1795 3092 2146 3162 consang.
2198 3078 2268 3142 et
2335 3073 2614 3162 affluit.
2688 3079 2797 3146 En
2874 3079 3140 3148 verba:

682 3184 1145 3252 :prohibitio
1206 3202 1508 3271 quoque
1569 3183 1887 3270 copulae
1934 3182 2349 3269 coniugalis
2409 3189 2763 3270 quartum
2826 3204 3144 3256 consan-

682 3312 714 3352 ε
750 3291 1115 3376 guinitatis
1162 3296 1233 3361 et
1278 3290 1653 3361 affinitatis
1722 3292 2043 3377 gradum
2117 3292 2212 3360 de
2258 3296 2506 3361 cetero
2579 3309 2730 3361 non
2798 3293 3138 3381 excedat,

682 3420 714 3460 a:
750 3400 1108 3484 [lumniam
1156 3399 1228 3466 in
1264 3398 1739 3468 ulterioribus
1785 3398 2145 3485 gradibus
2178 3394 2326 3466 iam
2364 3417 2515 3466 non
2551 3403 2800 3485 potest
2843 3401 3140 3488 absque

682 3528 718 3568 *a
750 3508 954 3592 gravi
1005 3506 1395 3593 dispendio
1443 3505 1872 3575 huiusmodi
1922 3505 2317 3592 prohibitio
2378 3506 2823 3592 generaliter
2885 3508 3143 3578 obser-

678 3636 714 3676 ς
750 3616 992 3680 vairiffl.
1041 3614 1229 3682 Cum
1278 3632 1460 3700 ergo
1506 3614 1654 3682 iam
1704 3631 1949 3700 usque
2011 3613 2105 3682 ad
2155 3619 2510 3701 quartum
2584 3614 2909 3702 gradum
2970 3634 3141 3703 pro-

678 3744 710 3780 ε
750 3720 996 3788 ΙῑῑΙἩῑίῡ
1044 3719 1459 3809 coniugalis
1505 3720 1820 3806 copulae
1866 3721 1960 3790 sit
2009 3721 2359 3807 restricta,
2410 3739 2580 3791 eam
2632 3722 2726 3791 ita
2779 3722 3140 3793 volumus

678 3852 714 3888 *t
750 3848 918 3896 esse
970 3837 1497 3916 perpetuam...
1550 3835 1629 3897 ut
1657 3827 1719 3897 si
1752 3828 1922 3916 quis
1967 3835 2223 3898 contra
2275 3829 2848 3916 prohibitionem
2888 3830 3141 3901 huius-

678 3956 714 3996 ε
753 3936 950 4004 modi
999 3936 1589 4022 praesumpserit
1633 3935 1987 4021 copulari,
2038 3935 2237 4005 nulla
2292 3935 2825 4024 longinquitate
2893 3936 3141 4007 defen-

678 4064 710 4100 ε
746 4044 962 4108 detur
1007 4060 1404 4126 annorum,
1453 4060 1629 4111 cum
1677 4042 2124 4112 diuturnitas
2171 4048 2605 4131 temporum
2668 4064 2821 4116 non
2871 4044 3143 4117 minuit

678 4172 710 4208 κ
750 4153 1137 4232 peccatum
1184 4148 1319 4217 sed
1366 4156 1686 4237 auget».
1734 4151 1850 4218 Ex
1883 4169 2035 4237 quo
2069 4168 2438 4238 expresso
2490 4156 2697 4221 textu
2751 4151 3142 4223 evidenter

670 4260 978 4340 cunstat,
1030 4255 1582 4325 matrimonium
1634 4257 1821 4326 intra
1869 4263 2225 4345 quartum
2259 4259 2926 4347 consanguinitatis
2971 4280 3141 4350 gra-

670 4364 850 4432 dum
890 4363 1164 4432 nedum
1202 4363 1430 4432 vetari
1481 4384 1519 4426 «
1545 4365 1678 4434 sed
1714 4370 1787 4434 et
1816 4364 1884 4433 si
1909 4368 2383 4434 contractam
2400 4364 2679 4454 faerit,
2710 4365 2970 4435 dirimi
2999 4389 3064 4435 ».
3090 4405 3139 4417 -

670 4476 754 4540 Et
798 4492 958 4556 cap.
1006 4491 1114 4540 eoe
1161 4468 1426 4540 litteris
1476 4476 1542 4557 1,
1596 4472 1753 4542 eod.
1806 4471 1954 4542 tia:
2006 4495 2043 4537 ‹
2078 4474 2431 4561 Inquisita
2485 4493 2665 4544 vero
2707 4474 3139 4564 diligentius

674 4604 706 4640 ι
746 4580 1062 4665 veritate,
1095 4580 1159 4648 si
1191 4598 1325 4667 per
1374 4586 1598 4649 testes
1645 4581 2232 4670 circumspectos
2263 4579 2466 4675 omni
2493 4580 2945 4673 eoeeeptione
2972 4604 3137 4654 ma-
