3509 5317
740 481 877 539 „7-

189 618 232 681 ut
253 613 397 683 irritum
422 614 638 684 habendum
663 622 778 703 esset;
801 653 824 665 -
848 621 883 685 et
907 635 949 686 se
965 615 1049 686 licta
1065 615 1308 685 consensisse
1323 632 1423 685 asse

189 721 283 788 renti
306 739 350 790 ea
373 719 493 791 forent
521 721 724 808 prudenter
748 723 1037 808 praescribenda
1070 741 1170 811 quae
1193 742 1213 792 a
1239 719 1421 809 theologis

189 830 369 896 accurate
392 833 578 898 notantur.

257 936 290 1002 2.
314 935 372 1003 Ad
395 936 649 1005 amovendam
672 937 781 1026 igitur
805 938 1081 1008 simulationem
1117 937 1153 1005 in
1178 934 1258 1005 foro
1286 935 1419 1005 saltem

187 1045 358 1127 extern0,
378 1060 588 1112 consensus
613 1044 671 1114 vel
689 1045 813 1115 verbis
831 1045 888 1115 vel
905 1045 986 1113 aliis
1002 1044 1166 1114 externis
1183 1042 1422 1114 sensibilibus

186 1148 317 1237 signis,
333 1154 372 1219 ut
386 1151 499 1237 innui,
512 1157 569 1220 est
584 1153 865 1239 exprimendus.
884 1156 927 1223 El
942 1153 1043 1240 apud
1061 1155 1212 1223 Latinos
1228 1152 1420 1222 notissima

187 1261 247 1326 ast
258 1256 418 1330 formula
431 1261 468 1327 in
482 1261 654 1330 Romano
668 1260 802 1330 Rituali
819 1262 1047 1349 praescripta
1066 1262 1113 1332 ad
1129 1259 1420 1348 exprimendum

185 1383 432 1436 consensum.
529 1391 532 1396 ⁴
605 1388 633 1410 ⁸
865 1389 868 1394 ’

256 1474 289 1541 3.
314 1473 456 1542 Verum
481 1472 517 1540 in
543 1469 705 1543 Ecclesia
724 1473 907 1545 Orientali
929 1476 1032 1545 varia
1049 1481 1107 1544 est
1129 1475 1165 1542 io
1182 1473 1421 1561 sponsalibus

186 1587 226 1651 et
242 1583 480 1652 matrimonio
497 1582 732 1652 celebrandis
756 1583 897 1652 ritualis
913 1583 1116 1671 disciplina.
1142 1583 1250 1653 quta
1274 1600 1422 1651 morem

188 1690 441 1777 Graecorum,
468 1692 523 1759 vir
546 1696 582 1759 et
605 1689 756 1776 mulier,
788 1690 851 1777 qui
876 1692 956 1760 sive
979 1689 1169 1778 sponsalia
1194 1690 1274 1759 sive
1298 1688 1422 1757 matri·

189 1802 361 1872 monium
385 1799 607 1870 contrahere
631 1797 770 1884 volunt,
795 1817 816 1867 a
835 1799 1001 1885 parocho
1018 1817 1091 1868 sau
1108 1798 1302 1869 sacerdote
1318 1799 1425 1867 inlen-

189 1913 372 1998 rogantur
394 1908 441 1977 de
465 1923 597 1976 aarum
622 1905 736 1976 libero
761 1906 1103 1977 in-matrimonium
1121 1904 1421 1986 contrahendum

187 2036 391 2087 consensu.
423 2018 503 2098 Qua
529 2013 717 2084 voluntate
740 2014 926 2084 sacerdoti
950 2012 1129 2102 patefacta
1157 2015 1205 2084 ad
1229 2013 1423 2101 sponsalia

190 2125 250 2194 vel
275 2126 386 2196 etiam
411 2121 691 2193 matrimonium
716 2122 957 2191 coronatione
981 2122 1249 2192 celebrandum
1269 2122 1422 2211 jugandi

188 2237 362 2320 pergunt.
640 2249 643 2254 ⁴
1158 2249 1161 2254 ’
1216 2251 1219 2254 ·
1397 2253 1413 2283 ’ῑ

256 2340 288 2407 4.
311 2334 571 2407 'Ecclesiastico
595 2343 709 2423 porro¹
732 2335 944 2424 sponsalia,
968 2355 1066 2425 quae
1089 2337 1190 2424 apud
1216 2338 1422 2408 Orientalas

185 2446 375 2535 cuiusque
398 2445 490 2515 ritus
514 2444 550 2511 in
575 2443 718 2512 honore
742 2449 848 2530 sunt,
873 2444 1030 2531 scripto,
1060 2446 1249 2515 Ecclesiae
1276 2446 1423 2516 benedi·

186 2553 320 2640 ctione,
345 2551 472 2622 annuli
495 2550 618 2635 arrha,
643 2550 850 2638 osculoque
878 2551 1059 2638 adhibitis,
1085 2570 1284 2640 poenaque
1314 2573 1336 2622 a
1370 2572 1423 2623 re·

185 2662 395 2733 sitientibus
426 2658 624 2729 subeunda
655 2658 830 2744 indicata,
863 2659 935 2727 hoc
963 2659 1033 2728 ritu
1062 2660 1251 2730 celebrant
1275 2658 1297 2727 ¹.
1333 2661 1422 2730 Post

187 2770 345 2839 Missam
368 2764 548 2837 sacerdos
572 2767 639 2835 viri
663 2771 699 2836 et
720 2766 887 2836 mulieris
910 2773 966 2837 ter
981 2768 1103 2853 capita
1120 2768 1251 2855 signat,
1276 2767 1421 2854 illisque

185 2891 322 2944 cereos
344 2873 454 2944 tradit
475 2891 667 2958 accensos,
693 2873 881 2961 variisque
905 2873 1064 2943 recitatis
1089 2874 1265 2962 precibus
1289 2874 1325 2942 in
1350 2876 1421 2944 Eu·

186 2982 362 3071 chologio
384 3001 452 3051 seu
475 2981 612 3051 Rituali
630 2980 868 3068 praescriptis
885 2976 907 3066 ²,
933 2979 1031 3050 idern
1055 2982 1235 3051 sacerdos
1258 2983 1421 3069 acceptis

186 3091 349 3175 annulis,
360 3108 519 3160 aureum
533 3090 612 3157 viro
626 3089 791 3175 primum
803 3088 922 3174 tradit,
936 3092 1016 3157 tum
1029 3094 1249 3176 argenteum
1263 3089 1421 3159 mulieri.

188 3200 245 3268 Ac
268 3198 348 3266 viro
372 3197 474 3266 dicit:
500 3196 791 3266 ‹Subarrliatur
814 3213 952 3264 servus
976 3196 1039 3263 Dei
1062 3197 1111 3263 N.¹
1133 3202 1285 3283 propter
1309 3196 1421 3267 ancil·

189 3329 210 3370 a
229 3307 304 3377 lam
328 3306 391 3375 Dei
414 3307 457 3374 N.
483 3304 695 3374 innomine
724 3304 842 3373 Patris
878 3308 914 3372 el
939 3303 1012 3372 Filii
1046 3311 1082 3373 et
1104 3304 1262 3392 Spiritus
1280 3305 1421 3394 ‘sanctia
1505 3303 1509 3312 '

190 3421 330 3483 «nunc
353 3419 389 3482 et
412 3431 562 3500 semper
586 3417 621 3481 et
634 3412 670 3479 in
687 3410 814 3484 secula
831 3409 1048 3479 seculorum
1065 3429 1176 3481 amen
1194 3433 1225 3478 ».
1241 3449 1263 3462 -
1281 3413 1421 3482 Deinde

188 3520 276 3590 dicit
300 3520 471 3610 multant,
488 3542 507 3583 a
523 3519 778 3590 Subarrhatur
801 3517 931 3588 ancilla
952 3519 1017 3589 Dei
1031 3521 1074 3587 N.
1099 3525 1250 3606 propter
1265 3539 1419 3590 servum

259 3718 270 3755 ¹
291 3717 369 3777 Vide
391 3717 541 3777 Autoine:
568 3716 742 3792 Theolopia
763 3717 900 3774 moralis
925 3733 994 3774 cum
1016 3716 1265 3776 adnotationibus
1289 3718 1423 3795 p..Phi·

189 3817 267 3895 lippi
289 3818 326 3875 da
347 3816 557 3888 Garboneano,
581 3813 728 3875 tom.·2⁰.
753 3821 851 3875 tract.
880 3815 920 3874 de
945 3816 1168 3883 matrimonio,
1194 3817 1365 3890 appendia
1386 3815 1421 3886 2,

188 3931 287 3992 papa.
322 3913 484 3977 357«358
513 3915 588 3975 edin
611 3917 728 3975 Romae
758 3912 848 3985 1783,
872 3914 923 3973 ubi
953 3913 1018 3972 fare
1045 3912 1148 3972 omnia
1169 3931 1208 3973 ex
1234 3914 1421 3992 Euchologio

187 3999 457 4074 exscribunturs
853 4063 857 4074 .
1336 4059 1354 4076 ,,
1406 4065 1414 4072 ..

258 4112 412 4179 Quaedam
428 4131 482 4189 pro
498 4114 619 4189 graecia
634 4112 736 4172 innuit
751 4116 783 4171 et
798 4110 1041 4188 Papp-Szilagyi
1056 4110 1087 4170 in
1104 4112 1159 4189 Op.
1174 4110 1338 4187 inscripto:
1353 4109 1422 4168 En·

188 4210 359 4268 cliridion
375 4212 462 4270 iaris
476 4210 645 4269 Ecclesiae
659 4209 835 4269 orientalia
850 4208 1041 4278 catholicae,
1055 4217 1141 4284 part.
1154 4206 1187 4267 2.
1204 4208 1244 4283 §3
1260 4209 1306 4264 88
1320 4215 1352 4267 et
1367 4205 1422 4278 90,

189 4308 242 4368 ubi
264 4308 301 4368 de
316 4307 471 4380 ministro,
488 4310 621 4368 matoria
634 4312 667 4368 at
687 4307 788 4367 forma
804 4306 992 4366 sacramenti
1008 4306 1209 4378 matrimonii,
1226 4324 1265 4365 ac
1284 4306 1320 4365 de
1334 4322 1423 4383 spou-

188 4406 309 4465 aalibua
330 4406 408 4482 agit.
1200 4423 1203 4430 ⁴
1308 4421 1311 4425 ·

257 4501 371 4562 'Vide
401 4503 536 4563 Ritnaie
558 4481 760 4562 Graecorum
781 4504 976 4563 illustratum
1002 4520 1095 4579 opera
1127 4502 1167 4561 P:
1188 4501 1291 4560 iacobi
1315 4496 1419 4572 Gdar,

187 4617 265 4677 pap.
293 4598 361 4657 310
383 4609 414 4660 et
432 4617 517 4678 seqq.
540 4601 616 4661 edit.
640 4601 750 4660 Vanet.
775 4600 830 4660 lol.
853 4598 1019 4659 au.·1730·.
1317 4590 1319 4593 ’
