3509 5317
210 676 392 745 mandato
416 676 523 747 liceat
544 677 739 747 Ordinario
772 678 971 749 Oratorum
989 681 1162 768 excipere
1179 698 1311 767 preces
1334 683 1371 748 et
1393 678 1443 745 in·

211 783 365 852 stituere
388 802 609 870 processum
627 785 675 855 ed
700 785 735 854 id
752 793 792 855 ut
815 787 1004 875 impetrari
1029 806 1073 856 eo
1098 788 1221 857 valeat
1243 787 1442 856 aSummo

211 888 390 958 Pontissce
413 891 600 978 praedicta
625 893 852 980 dispensatio
876 915 908 959 ».

282 999 757 1088 Exploratumprincipium
769 1007 834 1088 cst,
845 1002 905 1070 ius
917 1007 1213 1125 potestatemque
1224 999 1443 1069 conficiendi

210 1125 436 1193 processum
461 1109 546 1176 oriri
570 1110 606 1176 in
632 1109 752 1177 iudice
768 1128 817 1179 ex
837 1111 981 1181 obiecto
1006 1110 1106 1197 quod
1130 1128 1198 1195 per
1220 1108 1441 1178 sententiam

209 1213 366 1284 iudicari
389 1215 507 1301 debet,
532 1216 579 1285 ita
598 1223 638 1284 ut
661 1235 863 1303 processus
881 1217 1064 1287 habeatur
1080 1223 1258 1304 tanquam
1275 1214 1442 1284 medium

210 1324 469 1391 necessarium
483 1324 530 1391 ad
544 1322 671 1392 finem.
689 1326 813 1405 Quare
836 1325 866 1393 si
884 1324 999 1394 iudex
1015 1324 1050 1392 in
1069 1323 1129 1392 illo
1153 1324 1297 1392 obiecto
1313 1340 1382 1391 seu
1405 1321 1442 1388 in

208 1428 272 1497 illa
299 1429 450 1498 materia
485 1429 627 1502 nullam
651 1431 788 1502 habeat
817 1431 1108 1501 iurisdictionem
1133 1450 1213 1518 seu,
1239 1437 1278 1500 ut
1300 1430 1441 1514 dicitur,

210 1539 502 1623 competentiam
526 1538 839 1609 adiudicandum
863 1558 932 1626 per
954 1540 1177 1609 sententiam
1201 1536 1442 1620 definitivam,
1532 1588 1564 1629 ,.

210 1661 435 1730 processum
461 1644 646 1716 conticere
661 1649 797 1734 nequit.
822 1648 905 1716 Non
923 1648 1036 1716 habet
1051 1648 1152 1717 enim
1175 1647 1377 1734 imperium
1394 1646 1443 1714 ad

210 1750 382 1821 citandas
399 1758 533 1839 partes,
551 1754 680 1841 eisque
695 1754 788 1823 alios
811 1761 919 1824 actus
934 1754 1123 1824 iudiciales
1139 1753 1354 1842 imponendi
1371 1753 1444 1822 sub

211 1876 335 1945 poena
367 1861 633 1946 contumaciae,
665 1880 763 1948 quae
791 1880 866 1930 non
899 1861 1101 1933 admittitur
1124 1861 1193 1929 nisi
1225 1880 1292 1947 per
1322 1860 1444 1930 inobe

210 1967 387 2038 dientiam
418 1968 526 2037 iudici
555 1971 794 2057 competenti;
823 1988 923 2055 cum,
947 1972 1050 2041 iuxta
1082 1968 1247 2054 effatum,
1264 1965 1444 2056 incompe·

215 2073 309 2143 tenti
329 2073 442 2145 iudici
469 2074 620 2164 impune
650 2095 724 2145 aon
750 2080 952 2166 pareatur.
983 2080 1026 2147 Et
1055 2095 1148 2147 sane
1172 2076 1203 2145 si
1233 2076 1443 2164 Episcopus

213 2184 406 2271 excipiens
422 2203 554 2271 preces
569 2184 739 2269 feminae,
758 2185 794 2253 in
815 2204 885 2255 sua
908 2185 1067 2255 dioecesi
1089 2203 1176 2254 cum
1197 2202 1268 2253 suo
1285 2183 1442 2269 coniuge

212 2291 441 2362 domicilium
466 2291 646 2378 habentis,
672 2293 719 2360 de
746 2293 921 2361 ineundis
944 2290 1178 2360 iudicialibus
1194 2289 1285 2359 actis
1301 2289 1349 2357 ad
1373 2289 1442 2357 dis·

213 2400 471 2487 pensationem
490 2399 763 2486 impetrandam
782 2420 802 2469 a
824 2399 971 2469 vinculo
987 2399 1047 2469 sui
1080 2399 1315 2481 matrimonii,
1339 2397 1442 2486 quod

215 2507 275 2575 illa
300 2508 431 2576 asserit
454 2513 576 2577 ratum
603 2513 639 2578 et
660 2525 735 2575 non
760 2512 1077 2593 consummatum,
1102 2508 1229 2577 citaret
1251 2506 1299 2576 ad
1327 2524 1441 2576 suum

216 2615 377 2684 tribunal
402 2615 483 2683 eius
507 2615 640 2701 virum,
665 2616 724 2684 hic
747 2614 913 2701 proiecto
931 2614 1161 2703 respondere
1184 2620 1320 2702 posset,
1345 2613 1443 2684 nolle

212 2724 348 2793 iudicio
371 2744 413 2792 se
436 2724 577 2809 sistere,
602 2725 687 2813 quia
718 2724 823 2793 solus
850 2725 962 2810 Papa,
987 2742 1063 2793 non
1093 2742 1182 2793 vero
1213 2723 1441 2809 Episcopus,

214 2832 398 2901 eiusmodi
411 2830 727 2918 dispensationem
745 2832 933 2918 impertire
948 2831 1055 2916 valet,
1069 2836 1104 2900 et
1116 2830 1197 2900 ideo
1214 2829 1249 2897 in
1267 2848 1310 2898 ea
1326 2847 1441 2897 causa

213 2959 290 3008 non
305 2939 359 3009 esl
376 2940 552 3008 inridicus
569 2958 636 3010 seu
653 2944 866 3027 competens
883 2938 996 3008 iudex
1013 2938 1230 3025 Episcopus.
1256 2937 1440 3007 Sententia

212 3047 313 3116 enim
337 3052 394 3116 est
415 3065 506 3134 pars
529 3046 652 3117 linaiis
675 3054 711 3116 et
732 3046 985 3116 substantialis
1009 3064 1221 3133 processus
1245 3045 1293 3116 ad
1325 3064 1441 3134 quam

211 3153 375 3222 ordinari
392 3158 605 3225 necessario
621 3155 732 3224 debet
747 3153 818 3224 tela
835 3153 1035 3224 iudiciaria.
1053 3191 1076 3202 -
1092 3155 1172 3223 Hoc
1186 3154 1310 3241 itaque
1326 3172 1441 3224 sensu

210 3254 446 3351 intelligenda
478 3270 536 3332 est
566 3261 831 3351 paragraphus
861 3262 1136 3350 decimaquinta
1167 3262 1443 3331 Constitutionis

213 3366 287 3436 Dei
307 3367 544 3437 miserandae
575 3368 710 3439 Bened.
735 3369 834 3453 XlV,
866 3375 903 3439 et
934 3369 1151 3455 praesertim
1185 3368 1279 3438 haec
1303 3367 1443 3438 verba:

213 3495 234 3537 a
258 3473 486 3543 mandamus
510 3480 551 3544 at
574 3475 740 3565 suppleat
769 3474 912 3544 libellas
940 3473 1043 3543 nobis
1068 3474 1125 3542 uel
1149 3476 1324 3543 Romano
1350 3475 1444 3543 Poa-

212 3579 308 3671 trflci
327 3601 400 3672 pro
426 3588 592 3672 tempore
616 3581 843 3653 exhibeatur
866 3584 1106 3670 (plerumque
1141 3583 1190 3651 ab
1224 3583 1440 3668 Ordinariis)

211 3689 252 3757 in
275 3708 349 3777 qao
368 3689 482 3779 plena
506 3695 542 3760 et
564 3698 747 3762 accurata
773 3690 885 3760 totius
909 3689 1003 3778 faeti
1027 3688 1165 3780 species
1189 3689 1440 3775 contineatur,

211 3816 425 3886 causaeque
447 3798 627 3867 amassia
651 3820 693 3868 eo
709 3797 997 3888 exprimantur,
1019 3797 1181 3886 qaaead
1203 3795 1443 3867 obtinendam

209 3904 370 3994 petitam
385 3904 700 3994 dispensationem
715 3907 922 3988 eondrteere
935 3926 1049 3996 posse
1065 3927 1091 3974 a
1114 3906 1349 3995 supplicante
1363 3925 1445 3975 een·

210 4019 357 4099 semar,
379 4019 419 4083 ut
436 4016 633 4084 Romanus
659 4014 855 4102 Pontifea),
875 4034 919 4084 eo
934 4015 1026 4085 lecto
1049 4019 1087 4083 et
1108 4021 1259 4084 matare
1282 4013 1444 4085 conside-

211 4126 315 4206 rato,
345 4140 470 4190 secam
500 4119 708 4191 deliberare
737 4122 858 4212 possit
882 4141 933 4191 an
963 4121 1179 4211 petitionem
1202 4120 1358 4206 reiciat,
1387 4121 1444 4190 ael

211 4227 291 4297 eius
306 4247 472 4298 eaeauten
496 4228 608 4299 alicui
622 4249 676 4298 aa
692 4229 800 4300 dictis
823 4226 1177 4316 Conprepatioaibas
1189 4228 1398 4298 committat
1410 4251 1442 4296 ».

210 4334 317 4405 Clare
340 4341 441 4422 patet
464 4335 522 4404 hic
542 4335 761 4407 Pontificem
780 4337 880 4426 loqui
904 4337 952 4406 de
976 4334 1159 4405 tactorum
1184 4336 1362 4406 relatione
1378 4354 1444 4402 ecr-

213 4432 443 4513 traiadia'ali
457 4462 480 4512 a
496 4445 729 4531 supplicante
745 4449 911 4531 exarata,
936 4451 1080 4513 semota
1105 4444 1269 4530 qualibet
1286 4440 1441 4513 iudiciali

210 4549 343 4620 iorma.
368 4550 419 4620 lta
451 4569 541 4619 vero
566 4552 729 4622 decrevit
752 4551 921 4622 Pontifex
954 4552 1042 4640 quia
1073 4552 1225 4620 omnino
1257 4553 1442 4640 gratiosae
1511 4604 1516 4613 .

210 4663 317 4727 erant
341 4657 557 4727 huiusmodi
581 4677 721 4730 causae
744 4666 780 4729 et
808 4660 987 4744 rariores,
1012 4677 1087 4726 non
1112 4678 1202 4728 vero
1230 4657 1443 4748 frequentes
