3509 5317
707 726 886 808 CAPUT
908 729 976 808 IV.

377 916 425 998 lio
455 937 652 1019 processus
673 939 745 1002 sau
774 919 1042 1003 anastntionunn
1073 919 1312 1024 publicatione

524 1050 560 1125 et
584 1042 856 1147 exceptionibus
884 1053 1010 1129 onuba
1035 1052 1164 1129 testes.

297 1244 328 1311 1.
354 1241 411 1309 De
434 1238 718 1311 attestationum
740 1239 1000 1331 publicatione.

297 1349 480 1419 Examina
502 1349 652 1419 testium
677 1355 849 1437 peracte,
874 1368 1007 1420 eorum
1039 1351 1290 1422 attestationes
1314 1369 1383 1420 seu
1407 1371 1462 1420 re·
1513 1342 1517 1355 ²

228 1475 371 1543 sponsa
396 1456 431 1524 in
456 1461 600 1526 secreto
635 1464 805 1544 recepta,
831 1462 989 1545 utraque
1022 1464 1127 1547 parte
1157 1460 1458 1545 praesente,ch

227 1563 346 1634 altera
370 1564 638 1635 contumaciter
661 1565 825 1651 absente,
850 1565 956 1635 citata
982 1570 1126 1651 umen,
1150 1585 1171 1635 a
1197 1565 1317 1638 iudice
1348 1566 1461 1653 publi-

228 1671 308 1741 cari
332 1670 477 1754 debent,
503 1671 574 1740 hac
598 1669 657 1740 vel
680 1671 788 1740 simili
813 1669 936 1741 torma
959 1673 1132 1759 praevia:
1158 1670 1269 1742 Dicta
1286 1690 1351 1740 seu
1373 1678 1462 1741 atte-

227 1775 411 1846 stationes
437 1776 585 1846 testium
608 1774 647 1845 in
663 1780 736 1848 tac
749 1796 870 1847 causa
882 1776 1134 1869 publicamus,
1149 1777 1293 1867 ‘casque
1306 1796 1381 1868 pro
1393 1798 1462 1868 pu-

229 1883 376 1956 blicatis
400 1891 435 1955 et
458 1884 602 1976 apertis
625 1883 757 1956 haberi
779 1885 953 1956 uolumus
972 1886 993 1954 ¹.

296 1995 330 2062 2.
355 1994 641 2064 Attestetionum
666 1994 864 2081 publicatio
888 1995 925 2063 in
949 1994 1076 2063 causis
1099 1993 1295 2065 ordinariis
1318 1993 1464 2083 repula-

229 2098 328 2169 ritcr
351 2101 562 2171 necessaria
586 2114 664 2187 est,
688 2102 861 2189 adeoque
883 2101 1090 2187 servanda,
1114 2101 1253 2189 quippe
1285 2102 1332 2171 de
1361 2119 1464 2189 prae-

231 2214 341 2294 cepto
366 2208 574 2296 requiritur.
599 2211 665 2278 Est
687 2211 787 2278 enim
812 2209 859 2279 de
884 2209 1027 2296 iustitia,
1052 2210 1138 2297 quia
1163 2210 1283 2296 vergit
1298 2217 1334 2279 et
1350 2211 1463 2277 servit

229 2314 280 2384 ad
306 2315 419 2401 partis
442 2313 709 2402 defensionem,
726 2317 897 2404 adeoque
913 2335 997 2386 eam
1015 2315 1129 2386 iudex
1153 2316 1336 2401 omittens,
1355 2315 1464 2385 laedit

229 2423 290 2491 ius
309 2422 493 2511 litigantis3
525 2423 587 2509 qui
601 2424 757 2509 proinde
781 2428 906 2511 petere
929 2429 1060 2512 potest,
1079 2431 1118 2493 ut
1134 2425 1384 2493 attestationes
1400 2444 1464 2510 pu-

230 2530 424 2618 blicentur,
441 2536 477 2601 et
493 2538 689 2603 recusante
705 2531 835 2617 iudice,
853 2532 1054 2620 appellare.
1070 2569 1092 2584 -
1107 2535 1156 2601 At
1172 2551 1261 2600 vero
1277 2532 1462 2601 eiusmodi

230 2637 432 2724 publicatio
455 2657 531 2708 non
555 2645 612 2709 est
631 2641 678 2710 de
701 2639 907 2709 substantia
926 2657 1130 2727 processus
1146 2638 1332 2725 iudiciarii,
1350 2639 1399 2709 ita
1424 2647 1463 2706 ut

229 2745 315 2814 eius
339 2746 493 2815 omissio
525 2746 628 2816 illum
653 2767 728 2818 non
753 2748 870 2834 vitiet,
897 2766 1019 2836 neque
1043 2747 1164 2834 ipsam
1200 2746 1418 2817 sententiam
1440 2746 1462 2812 ².

301 2854 332 2920 3.
357 2853 474 2922 Porro
499 2854 630 2943 regula
652 2856 869 2925 communis
894 2861 1052 2944 utroque
1076 2855 1156 2925 iure
1180 2860 1346 2942 recepta,
1371 2855 1464 2923 haec

231 2968 312 3031 est:
338 2960 453 3030 «Rite
477 2960 673 3048 publicatis
694 2962 990 3035 attestationibus
1014 2981 1082 3032 seu
1107 2964 1253 3031 testium
1273 2961 1465 3049 depositio·

231 3067 355 3152 nibus,
379 3085 454 3136 non
480 3067 562 3139 licet
585 3087 707 3157 neque
731 3069 766 3137 in
793 3070 913 3157 prima
938 3070 1106 3139 instantia
1132 3086 1201 3139 seu
1225 3089 1340 3139 causa
1366 3070 1463 3157 prin-

232 3173 351 3262 cipali,
376 3193 499 3265 neque
522 3178 557 3246 in
583 3177 650 3247 alia
676 3196 746 3247 scu
770 3195 884 3247 causa
911 3176 1168 3264 appellationis
1192 3178 1401 3265 producere
1431 3185 1466 3245 et

232 3283 401 3369 recipere
424 3283 548 3353 denuo
572 3285 725 3354 cosdem
752 3284 811 3353 vel
834 3284 929 3355 alios
951 3290 1065 3354 testes
1088 3303 1204 3372 super
1227 3285 1360 3355 iisdem
1395 3305 1462 3353 scu

232 3391 405 3478 antiquis,
429 3397 494 3460 aut
516 3391 653 3463 directe
677 3393 870 3462 contrariis
894 3392 1060 3461 articulis
1077 3414 1095 3456 »
1114 3390 1137 3456 ⁸.
1176 3393 1281 3461 Ratio
1306 3399 1462 3462 estium

233 3498 348 3567 timor
371 3498 647 3569 subornationis
670 3501 831 3585 testium,
860 3504 898 3568 ut
922 3498 1142 3585 praesertim
1171 3517 1221 3567 ex
1237 3498 1463 3567 clementina

233 3604 418 3694 colligitur
434 3604 456 3692 ¹,
481 3626 554 3695 qua
572 3606 609 3674 in
626 3607 793 3676 terminis
816 3604 989 3675 firmatur
1010 3606 1198 3692 praedicta
1214 3604 1360 3693 regula;
1386 3611 1464 3672 tum

234 3712 347 3781 etiam
373 3714 458 3802 quia
483 3733 550 3802 per
574 3714 849 3784 attestationum
875 3713 1163 3800 publicationem
1187 3724 1312 3799 partes
1331 3711 1466 3798 litigam-

235 3824 292 3888 tes
317 3820 477 3889 ulteriori
502 3823 650 3890 testium
675 3821 909 3908 productioni
943 3820 1154 3906 renunciat,
1180 3818 1238 3887 vel
1263 3837 1461 3907 expresse,

234 3933 348 4016 prout
370 3933 520 4014 peracto
543 3929 718 3997 examine
741 3927 788 3997 ad
814 3928 944 3997 iudicis
969 3927 1296 4014 interrogationem
1312 3923 1392 3994 lieri
1409 3947 1465 3993 so-

305 4141 315 4177 ¹
338 4139 473 4218 Pirhiug
496 4141 549 4198 lid.
574 4140 606 4198 2.
630 4144 678 4200 u't.
702 4140 758 4199 20.
784 4160 818 4200 n.
842 4140 923 4199 201.

303 4236 404 4297 'Osm
428 4238 563 4316 Pirhing
585 4240 606 4297 l.
631 4258 659 4299 c.
682 4257 717 4297 n.
742 4238 812 4295 202
833 4247 864 4297 ct
884 4258 968 4316 seqq.

302 4334 414 4395 ³Vide
444 4338 522 4415 apud
554 4337 688 4415 Pirhing
722 4339 774 4395 lib.
801 4336 832 4396 2.
857 4341 905 4395 tit.
930 4336 987 4395 20.
1013 4355 1046 4395 n.
1071 4335 1141 4392 215
1167 4343 1198 4394 et
1217 4354 1301 4411 seqq.
1328 4334 1467 4394 animad-

237 4434 394 4495 versiones
415 4436 447 4495 in
468 4436 616 4496 eiusmodi
637 4436 789 4513 regulam.

302 4532 487 4594 *clement
516 4536 648 4593 testibus
675 4533 708 4602 2,
729 4535 769 4592 de
801 4536 945 4603 tectibus,
977 4533 1045 4592 ubi:
1074 4532 1185 4592 «cum
1214 4550 1273 4591 non
1300 4531 1400 4589 miuus
1436 4530 1466 4585 in

235 4631 507 4710 appellationibus,
530 4650 621 4710 quam
643 4634 674 4692 in
696 4632 861 4710 principali
883 4650 976 4693 cause
997 4633 1187 4690 subornatio
1207 4633 1252 4689 cit
1271 4630 1420 4689 timenda
1437 4650 1464 4686 ».
