3509 5317
1373 527 1727 588 -425-

331 668 499 755 lem,
549 687 745 756 quae
790 667 1058 736 iudicio
1117 667 1592 737 occasionem
1653 667 2185 752 praebuerunt.
2236 667 2482 746 Quare
2529 664 2622 733 de
2672 666 2784 730 hir:

330 775 664 863 singulis,
712 775 976 845 saltem
1025 794 1220 862 quae
1281 772 1739 861 frequentius
1789 790 2188 842 occurrere
2234 772 2495 857 solent,
2543 772 2780 858 aliqua

332 884 716 972 speciatim
765 883 1423 954 animadvertenda
1475 887 1671 950 sunt.

1193 1115 1590 1165 ARTICULUS
1637 1116 1921 1164 PRIMUS.

447 1261 562 1328 De
607 1257 1150 1348 impedimentis
1196 1255 1657 1348 cognationis
1705 1253 2037 1327 carnalis
2088 1255 2199 1325 vel
2244 1253 2684 1345 spiritualia

1240 1392 1247 1398 ·
1282 1373 1353 1434 et
1405 1364 1837 1454 affinitatis,

465 1531 575 1598 29.
625 1528 699 1597 Si
749 1528 1306 1601 matrimonium
1371 1528 1852 1615 impugnetur
1912 1529 2010 1597 ob
2071 1534 2442 1597 assertum
2492 1530 2788 1617 impelli-

282 1660 290 1664 ·
334 1640 669 1704 mentum
721 1635 1182 1722 cognationis
1229 1634 1550 1703 carnalis
1597 1640 1725 1704 aut
1759 1635 2177 1721 spiritualis,
2233 1636 2347 1704 vel
2394 1636 2784 1710 affinitatia,

332 1741 539 1813 facile
574 1745 706 1812 erit
735 1744 1069 1812 eiusdem
1108 1744 1572 1813 existentiam
1607 1742 1955 1829 detegere
2003 1763 2145 1830 ope
2191 1745 2784 1815 authenticorum

335 1849 980 1919 documentorum.
1032 1850 1319 1919 Etenim
1374 1850 1714 1937 cognatio
1778 1851 2117 1937 carnalis,
2172 1856 2241 1919 et
2298 1851 2517 1919 etiam
2567 1850 2788 1920 affini-

333 1962 469 2043 taS‚
525 1976 722 2044 quae
776 1977 875 2026 ex
940 1956 1403 2042 praecedenti
1467 1958 1944 2027 matrimonio
2010 1959 2483 2045 processerit,
2544 1959 2792 2047 dignm-

335 2071 649 2134 scuntur
694 2084 791 2133 ex
852 2066 1120 2134 arbore
1181 2065 1660 2154 genealogica
1726 2067 2115 2154 utriusque
2170 2064 2509 2153 familiae,
2573 2074 2788 2135 conti⁴

334 2173 598 2241 cienda
646 2193 744 2243 ex
791 2174 1100 2260 regestis
1157 2174 1833 2257 matrimoniorum,
1884 2179 1955 2242 et
2002 2193 2098 2243 ex
2148 2175 2350 2242 libris
2398 2174 2621 2244 etiam
2680 2178 2792 2242 13:1-

334 2281 795 2367 ptizatorum,
832 2281 902 2348 in
937 2281 1212 2368 quibus
1244 2284 1491 2350 notata
1525 2299 1696 2350 esse
1732 2279 2005 2350 debent
2036 2283 2338 2350 nomina
2374 2300 2523 2349 non
2564 2286 2792 2350 mozin

323 2387 762 2475 coniugum,
813 2394 885 2458 et
929 2407 1213 2473 eorum,
1263 2388 1386 2476 qui
1438 2388 1776 2474 baptizati
1820 2393 2012 2471 sunt,
2061 2388 2193 2458 sed
2246 2388 2519 2457 horum
2570 2388 2784 2458 etiam

333 2499 753 2579 parentum.
805 2495 1150 2564 Similiter
1196 2515 1291 2564 ex
1344 2493 1545 2563 libris
1601 2495 2161 2582 baptizatorum,
2211 2499 2283 2565 et
2328 2493 2792 2564 confirmatu-

337 2620 504 2670 rum
557 2609 810 2689 aperte
869 2605 1151 2673 eruItur
1217 2603 1554 2691 cognatio
1631 2604 2049 2690 spiritualis,
2111 2604 2283 2691 quia
2335 2605 2405 2671 in
2454 2603 2594 2672 illis
2644 2624 2784 2670 urm

336 2730 511 2782 cun]
561 2732 821 2782 eorum
873 2714 998 2800 qui
1056 2714 1415 2801 baptizati,
1470 2713 1584 2782 vel
1634 2712 2059 2782 confirmati
2114 2710 2434 2796 fuerunt,
2485 2710 2784 2779 nomina

335 2840 639 2908 quoque
691 2823 1051 2891 recensita
1097 2840 1266 2890 esse
1313 2821 1587 2891 debent
1633 2823 1792 2890 sive
1833 2822 2295 2908 patrinorum
2348 2821 2506 2889 sive
2556 2826 2792 2889 matri*

336 2947 629 2998 narum.
678 2928 883 2998 Talia
928 2931 1379 2999 documenta
1431 2930 1502 2996 in
1552 2926 1796 3000 forma
1851 2929 2269 2999 authentica
2321 2947 2418 2997 ex
2466 2928 2676 2997 dictis
2732 2930 2792 2990 Ιἰ-

338 3036 490 3105 bris
538 3041 754 3105 erunt
821 3036 1227 3107 haurienda
1292 3056 1518 3124 opera
1587 3037 2090 3122 parochorum
2144 3035 2260 3104 vel
2320 3035 2590 3119 curiae,
2641 3054 2784 3102 unm

337 3162 511 3213 cum
563 3143 978 3212 testimonio
1026 3144 1120 3211 de
1168 3163 1431 3213 eorum
1483 3144 1852 3213 identitate
1908 3162 2080 3211 cum
2134 3143 2567 3230 respectivis
2615 3162 2788 3230 pai·—

336 3252 577 3320 ticulis
622 3253 695 3319 in
744 3251 948 3320 libris
994 3252 1458 3338 extantibus3
1509 3252 1659 3320 imo
1705 3252 1768 3319 si
1816 3271 1857 3320 a
1908 3251 2786 3342 parochotestimonium

336 3361 593 3431 datum
640 3358 872 3443 fuerit,
935 3378 1129 3447 opus
1176 3360 1332 3445 erit,
1401 3365 1479 3428 ut
1525 3360 1867 3428 eiusdem
1931 3359 2235 3446 parochi
2284 3358 2700 3446 obsignatio
2752 3386 2784 3422 ,τι

337 3469 541 3539 curia
592 3467 987 3556 episcopali
1037 3468 1454 3537 authentica
1504 3466 1947 3536 declaretur.

468 3578 578 3645 30.
628 3574 842 3657 Quod
891 3576 951 3643 si
1000 3575 1299 3663 aliquod
1365 3574 1646 3644 oriatur
1707 3573 2018 3642 dubium
2086 3573 2285 3643 circa
2344 3573 2784 3642 documenti

338 3682 712 3770 praedicta
765 3681 878 3750 vel
927 3683 1119 3750 circa
1170 3701 1435 3751 eorum
1495 3682 1899 3766 veritatem,
1950 3681 2021 3748 in
2073 3681 2426 3749 iudicium
2479 3686 2792 3751 vocandi

337 3795 575 3876 erunt,
644 3794 714 3859 et
770 3790 1069 3859 iuridice
1130 3789 1607 3858 examinandi
1676 3789 2233 3875 consanguinei,
2285 3788 2570 3870 affines
2637 3809 2736 3875 μμ
2760 3818 2792 3846 ι-

341 3899 612 3986 pinqui‚
663 3899 938 3985 quibus
985 3899 1193 3986 origo
1242 3916 1506 3967 eorum
1558 3898 1651 3966 de
1698 3897 1972 3984 quibus
2006 3897 2267 3985 agitur,
2301 3904 2469 3966 nota
2522 3897 2631 3983 sit,
2668 3906 2784 3966 au!

337 4012 508 4075 nota
558 4025 727 4074 esse
778 4006 1030 4091 possit,
1082 4011 1162 4074 ut
1205 4023 1319 4100 ex¹
1352 4005 1624 4073 horum
1661 4004 2251 4090 depositionibus
2298 4006 2583 4093 gradus
2630 4024 2792 4072 cnu-

338 4113 852 4201 sanguinitatis
900 4113 1012 4181 vel
1065 4111 1436 4183 affinitatis
1481 4112 1758 4181 clarius
1794 4112 2038 4182 valeat
2084 4112 2579 4182 determinari.
2627 4114 2788 4179 Non

339 4221 479 4290 levi
527 4219 1010 4290 fundamento
1061 4220 1234 4290 huic
1288 4222 1388 4289 rei
1449 4239 1618 4289 esse
1667 4225 1913 4308 potest
1958 4221 2178 4290 etiam
2228 4220 2518 4307 publica
2572 4218 2792 4294 fami-2*

339 4330 432 4398 de
479 4348 622 4417 qua
664 4328 844 4397 ratio
881 4330 1015 4397 erit
1048 4328 1432 4426 habsenda3
1486 4329 1647 4397 eius
1673 4333 1919 4397 tamen
1954 4329 2217 4397 sedulo
2250 4328 2784 4398 consideranti*

340 4437 473 4506 erit
504 4436 714 4523 origo
749 4441 818 4504 et
852 4437 1193 4515 rationeS,
1226 4435 1500 4522 quibus
1535 4435 1882 4503 innititur.
1919 4435 2306 4504 Caeterum
2345 4436 2573 4506 iudex
2608 4455 2796 4503 sem-

339 4560 473 4629 per
523 4560 702 4629 prae
750 4541 987 4610 oculis
1034 4542 1322 4628 habeat,
1374 4542 1488 4609 his
1536 4542 2099 4628 quaestionibus
2132 4543 2563 4612 dirimendis
2596 4561 2792 4628 [ππ-,μή

341 4649 645 4736 cipuum
693 4647 1265 4718 fundamentum
1317 4649 1677 4736 praebere
1742 4641 2187 4720 documenta
2241 4649 2676 4734 authentica?
2732 4666 2792 4714 rei
