3509 5317
859 502 1038 561 -.166-

338 640 573 724 mandentur,
597 638 808 725 praemisso
835 639 1072 726 singulorum
1096 639 1245 709 testium
1276 639 1487 708 iuramento
1525 638 1579 707 de

337 745 490 815 veritate
514 745 682 815 dicenda.
1039 752 1041 755 ’

404 855 435 922 l.
460 853 519 921 Ad
543 853 795 923 testimonium
819 851 1019 923 serendum
1045 853 1080 921 in
1107 853 1177 922 hac
1201 852 1356 922 materia
1372 852 1483 921 etiam
1499 849 1579 920 loe-

338 962 462 1031 minae
486 965 648 1049 possunt
669 959 824 1045 admitti,
849 965 885 1030 et
908 961 1136 1048 recipiuntur
1152 961 1273 1048 magis
1288 960 1576 1046 consanguinei,

337 1086 475 1156 nempe
498 1073 683 1161 parentes,
709 1065 852 1153 fratrea,
876 1086 1029 1137 sorores
1054 1074 1133 1152 etc,
1159 1085 1274 1154 quam
1299 1065 1453 1151 externi,
1481 1066 1578 1153 quia

337 1182 634 1262 praesumuntur
648 1171 783 1244 melius
796 1172 990 1259 informati
1007 1178 1043 1243 et
1058 1173 1160 1243 cives
1173 1173 1294 1261 magis
1307 1190 1423 1259 quam
1438 1172 1571 1241 exteri.

404 1285 436 1351 5.
461 1281 590 1365 Fides,
616 1281 762 1369 aliaque
786 1280 1012 1350 documenta
1039 1300 1138 1368 quae
1168 1300 1188 1350 a
1223 1278 1394 1367 partibus
1433 1278 1490 1349 vel
1522 1278 1574 1347 de

341 1376 509 1475 partibus
532 1389 801 1475 producuntur,
825 1388 967 1457 munita
992 1388 1069 1456 sint
1091 1386 1210 1475 sigillo
1234 1406 1309 1455 non
1327 1388 1478 1475 parochi
1495 1395 1577 1456 tan·

338 1506 428 1580 tum,
453 1496 520 1565 sed
545 1496 781 1582 potissimum
808 1495 989 1564 Ordinarii
1014 1494 1110 1564 illius
1133 1494 1324 1580 dioecesin,
1362 1495 1462 1564 unde
1495 1513 1577 1563 ma·

337 1610 484 1674 narunt.
508 1604 666 1690 Semper
690 1607 815 1672 autem
840 1597 975 1671 attente
1000 1603 1273 1689 providendum
1296 1603 1374 1687 erit,
1400 1607 1440 1670 ut
1462 1599 1574 1687 tides,

338 1728 406 1778 seu
431 1709 650 1794 testimonia,
675 1709 770 1778 bene
794 1706 1117 1778 eteoucludenter
1140 1708 1364 1779 identificent
1389 1727 1577 1794 personas

338 1816 384 1886 de
408 1816 545 1905 quibus
569 1817 699 1905 agitur.

405 1925 437 1992 6.
473 1924 508 1993 Si
547 1930 631 2010 post
663 1923 859 2010 probatam
896 1929 1018 1992 status
1053 1922 1255 1994 libertatem
1291 1923 1368 1993 duo
1403 1930 1468 1992 aut
1495 1931 1575 1993 tres

340 2048 490 2100 menses
514 2029 724 2099 transierint
757 2030 846 2117 quin
881 2030 1160 2100 matrimonium
1189 2027 1298 2100 luerit
1328 2030 1571 2113 celebratum,

340 2137 558 2227 regulariter
580 2153 933 2222 novusprocessus
958 2154 1026 2223 pro
1050 2137 1122 2206 hoc
1145 2137 1324 2224 temporis
1347 2135 1466 2224 spatio
1490 2133 1573 2203 fleri

337 2245 512 2328 deberet;
552 2252 610 2312 ast
634 2261 700 2329 pro
724 2261 883 2312 casuum
925 2244 1099 2313 varietate
1139 2262 1200 2312 res
1236 2243 1453 2330 relinquitur
1487 2262 1577 2330 pru-

338 2351 443 2421 denti
461 2351 610 2420 arbitrio
635 2350 930 2419 ordinariorum.

404 2460 436 2526 7.
461 2457 497 2526 Si
522 2458 607 2545 quis
630 2454 680 2526 ei<
705 2457 1014 2527 contrahentibus
1048 2456 1215 2528 fueritin
1239 2455 1393 2526 articulo
1429 2457 1573 2543 mortis,

339 2565 433 2632 intra
455 2582 569 2652 quem
598 2563 835 2650 probabiliter
857 2569 1009 2651 tempus
1043 2584 1117 2633 non
1148 2568 1323 2651 suppetat
1355 2563 1572 2632 instituendi

338 2671 543 2757 diligentias
559 2672 801 2757 necessarias,
820 2688 1023 2757 processus
1038 2672 1292 2759 praescriptus
1301 2670 1432 2757 poterit
1443 2670 1573 2757 omitti,

338 2780 388 2846 ita
410 2787 546 2864 tamen,
572 2783 612 2847 ut
634 2778 665 2847 si
690 2777 862 2847 infirmus
886 2779 1123 2865 convaluerit,
1148 2778 1309 2849 debeant
1323 2776 1403 2846 fleri
1422 2776 1575 2865 diligen·

337 2886 409 2953 tiae
431 2902 499 2953 seu
524 2903 726 2971 processus
748 2890 952 2973 antequam
977 2887 1088 2955 simul
1112 2885 1344 2956 conveniant

404 2993 436 3059 8.
461 2990 497 3060 Si
521 2993 784 3062 contrahentes
799 2994 871 3062 sint
890 2994 971 3082 vagi
988 3013 1065 3061 non
1081 2993 1307 3063 concedatur
1324 2991 1465 3062 licentia
1488 3009 1577 3060 con-

338 3095 517 3180 trahendi,
542 3097 614 3164 nist
637 3097 795 3168 doceant
819 3118 885 3186 per
918 3100 1141 3169 documenta
1174 3098 1458 3169 Ordinariorum
1487 3115 1576 3166 suo

341 3221 424 3271 rum
448 3222 491 3272 se
513 3223 598 3273 esse
622 3204 775 3290 liberos;
800 3209 958 3295 quodsi
982 3207 1077 3278 fides
1100 3208 1336 3296 singulorum
1365 3205 1577 3275 Ordinario-

338 3328 434 3395 rum,
459 3310 493 3377 in
513 3328 674 3398 quorum
691 3312 927 3384 dioecesibus
943 3334 1011 3402 per
1026 3315 1175 3402 aliquod
1194 3314 1373 3401 temporis
1395 3313 1572 3400 spatium,

338 3436 480 3487 annum
506 3437 580 3486 non
605 3420 804 3507 excedens
829 3423 1050 3492 commorati
1075 3428 1172 3508 sunt,
1197 3422 1327 3492 haberi
1343 3439 1419 3490 non
1445 3420 1574 3508 possit,

339 3527 556 3595 Ordinarius
581 3525 658 3610 loci,
684 3526 718 3594 in
736 3494 820 3614 'quo
851 3529 1130 3597 matrimonium
1159 3541 1217 3597 est
1254 3527 1570 3613 contrahendum,

340 3651 407 3701 eos
430 3633 477 3702 ad
504 3633 756 3703 iuramentum
789 3635 1061 3722 suppletorium
1096 3637 1289 3706 admittere
1325 3636 1466 3723 poterit,
1502 3654 1575 3722 pro

340 3739 408 3807 illis
431 3744 574 3808 tantum
600 3740 698 3825 locis,
724 3759 773 3809 ex
796 3742 935 3829 quibus
958 3741 1053 3812 tides
1082 3743 1293 3813 authentica
1330 3742 1458 3812 haberi
1495 3761 1574 3811 non

338 3846 480 3931 poterit.
504 3845 753 3916 insistendum
779 3855 904 3917 tamen
923 3850 997 3935 ‚erit
1019 3868 1172 3936 semper
1187 3857 1229 3919 ut
1242 3849 1507 3918 contrahentes
1523 3850 1575 3917 in·

338 3951 478 4020 ducant
501 3957 612 4022 testes
636 3951 710 4022 fide
742 3955 876 4043 dignos
911 3957 946 4023 in
981 3958 1197 4044 respectivis
1232 3958 1321 4052 locis
1356 3958 1577 4027 examinan-

339 4055 419 4124 dos.
444 4056 481 4125 Si
506 4064 628 4126 tamen
653 4059 689 4127 id
714 4059 910 4130 difficulter
933 4064 1141 4133 admodum
1164 4063 1244 4133 fleri
1271 4063 1396 4150 possit,
1428 4061 1574 4132 admitti

339 4172 513 4250 poterunt
536 4165 570 4231 in
595 4167 704 4235 Curia
729 4167 797 4237 loci
816 4170 877 4237 ubi
894 4172 1124 4241 contrahitur
1141 4170 1433 4257 matrimonium,
1455 4176 1576 4240 testes

338 4269 413 4339 fide
436 4272 546 4360 digni,
572 4273 634 4360 qui
659 4278 778 4343 status
814 4275 1020 4345 libertatem
1049 4285 1218 4364 tempore
1249 4277 1455 4364 vagationis
1487 4296 1576 4347 oon-

339 4378 530 4448 cludenter
554 4381 728 4466 probent3
752 4387 788 4450 et
811 4384 841 4450 si
871 4385 1065 4454 Ordinario
1096 4390 1352 4471 opportunum
1387 4385 1575 4472 videatur,

339 4485 479 4556 admitti
497 4488 607 4559 etiam
626 4490 757 4576 poterit
772 4509 939 4577 sponsus
954 4493 1001 4562 ad
1019 4493 1271 4562 iuramentum
1288 4494 1576 4583 suppletorium,

339 4594 494 4663 eonstito
519 4600 643 4665 tamen
668 4597 737 4665 sibi
762 4599 886 4684 ipsum
911 4619 995 4669 esse
1019 4600 1094 4670 lide
1117 4601 1285 4689 dignum.
