3509 5317
2959 9 2963 16 v
3095 1 3119 12 ⁸*
3158 1 3505 237 ἡ

3144 17 3153 27 v

3090 42 3094 43 ⁷
3166 31 3173 40 ι

3332 61 3344 69 ς

1766 518 2123 577 ...464-

715 646 948 719 miles.
1000 649 1075 720 Si
1121 655 1374 720 tamen
1426 650 1858 720 huiusmodi
1907 652 2323 722 testimonia
2359 652 2617 722 haberi
2650 670 2799 722 non
2839 658 3184 741 possunt,

716 757 944 827 Sacra
994 757 1483 847 Congregatio
1533 777 1679 828 non
1746 759 2051 829 intendit
2111 759 2516 850 excludere
2572 759 2760 829 alias
2821 760 3195 847 probatio-

715 885 894 951 πω,
946 885 1142 954 quae
1189 866 1282 936 de
1327 867 1489 936 iure
1559 867 1947 936 communi
1996 872 2314 954 possunt
2379 867 2695 951 admitti,
2762 869 3191 938 dummodo

713 974 858 1043 sint
910 973 1276 1062 legitimae
1322 980 1393 1044 et
1421 972 1898 1044 sufficientes.
3008 994 3014 999 ·

853 1084 957 1150 12.
1012 1082 1532 1170 interrogetur,
1581 1102 1701 1167 an,
1750 1091 1922 1170 post
1969 1088 2289 1153 mortem
2339 1083 2508 1152 dicti
2554 1084 2898 1172 coniugis
2931 1081 3194 1155 defun-

715 1189 829 1275 cti,
878 1189 1148 1277 aliquis
1193 1209 1293 1259 ex
1347 1191 1740 1277 praedictis
1808 1191 2251 1261 contrahere
2323 1189 2743 1260 volentibus
2812 1192 3195 1262 transierit

716 1296 811 1366 ad
867 1296 1201 1366 secunda
1254 1302 1446 1366 vota.
1496 1297 1570 1366 Si
1619 1298 2091 1385 responderit
2136 1297 2512 1393 negative:

855 1404 961 1472 13.
1016 1404 1532 1493 interrogetur,
1583 1424 1676 1474 an
1728 1424 1899 1474 esse
1947 1407 2183 1493 possit
2252 1406 2453 1494 quod
2525 1404 2802 1493 aliquid
2879 1425 2980 1474 ex
3052 1406 3192 1475 illis

718 1510 1087 1578 transierit
1131 1509 1227 1580 ad
1275 1511 1616 1580 secunda
1663 1518 1832 1582 vota
1866 1513 2158 1600 absque
2189 1531 2278 1582 eo
2310 1512 2517 1600 quod
2550 1515 2711 1601 ipse
2737 1513 2947 1582 testis
2981 1514 3188 1583 sciat.

717 1616 794 1688 Si
843 1617 1309 1704 responderit
1352 1617 1816 1705 affirmative,
1867 1621 2456 1706 supersedeatur
2500 1620 2573 1687 in
2625 1620 2912 1691 licentia
2944 1620 3191 1690 donec

720 1726 1231 1813 producantur
1278 1730 1521 1813 testeS,
1572 1745 1706 1814 per
1752 1745 1948 1814 quos
1993 1728 2335 1814 negativa
2406 1733 2826 1798 coarctetur
2891 1726 3194 1796 conclu-

717 1831 998 1903 denter.
1047 1832 1121 1903 Si
1171 1852 1350 1903 vero
1400 1834 1788 1921 negative:

733 1965 736 1968 ·
857 1941 962 2009 14.
1015 1941 1518 2029 Interrogetur
1563 1941 1656 2009 de
1702 1959 1939 2011 causa
1994 1941 2363 2028 scientiae,
2413 1959 2568 2028 qua
2634 1958 3031 2027 perpensa,
3090 1941 3194 2009 iu·

720 2046 871 2116 dex
919 2050 1182 2135 poterit
1227 2048 1572 2134 iudicare,
1624 2066 1721 2119 an
1774 2049 1866 2117 sit
1911 2047 2392 2119 concedenda
2460 2047 2745 2117 licentia
2821 2046 2937 2117 vel
3007 2066 3189 2116 non.

721 2152 798 2222 Si
843 2154 1368 2224 contrahentes
1425 2161 1603 2223 sunt
1673 2155 1837 2243 vagi
1915 2173 2064 2223 non
2128 2153 2581 2241 procedatur
2649 2155 2744 2223 ad
2819 2152 3189 2224 licentiam

720 2261 1223 2346 contrahendi,
1274 2262 1410 2331 nisi
1461 2261 1961 2349 doceantpper
2006 2259 2201 2331 fides
2246 2260 2807 2329 Ordinariorum
2866 2279 3184 2329 suorum

723 2384 809 2436 se
855 2386 1025 2438 esse
1073 2368 1387 2454 liberos3
1437 2376 1510 2437 et
1559 2370 1629 2436 in
1679 2369 1837 2438 aliis
1885 2381 2181 2437 servata
2227 2365 2471 2437 forma
2521 2367 2815 2452 Concilii
2885 2368 3189 2436 Triden-

722 2474 845 2541 tini
897 2474 967 2542 in
1016 2491 1177 2562 cap.
1227 2473 1453 2543 Multi
1497 2474 1698 2544 Sess.
1745 2477 1858 2544 24.

857 2581 1095 2668 Fides,
1143 2581 1437 2669 aliaque
1482 2582 1935 2652 documenta
1981 2601 2180 2670 quae
2232 2582 2753 2669 producuntur
2813 2580 2908 2650 de
2978 2580 3196 2668 parti-

721 2689 888 2776 bus,
938 2707 1089 2758 non
1136 2690 1616 2759 admittantur
1665 2690 1803 2758 nisi
1853 2690 2000 2761 sint
2048 2690 2329 2758 munita
2379 2689 2616 2777 sigillo
2683 2695 2755 2757 et
2824 2688 3193 2777 legalitate

722 2798 1063 2885 Episcopi
1115 2797 1494 2883 Ordinarii,
1545 2806 1618 2867 et
1662 2797 2041 2885 recognita
2085 2796 2347 2866 saltem
2400 2815 2535 2883 per
2591 2805 2818 2867 testes
2879 2798 3004 2885 qui
3072 2799 3197 2868 ha·

724 2905 948 2974 beant
995 2915 1249 2975 notam
1299 2923 1609 2975 manum
1661 2914 1734 2974 et
1778 2903 2134 2994 sigillum,
2202 2911 2274 2974 et
2334 2909 2606 2974 attente
2674 2906 3195 2976 consideretur

724 3010 922 3100 quod
975 3010 1167 3081 fides
1213 3031 1350 3082 seu
1421 3013 1840 3082 testimonia
1912 3012 2103 3082 bene
2160 3017 2234 3081 et
2294 3011 2825 3082 concludenter
2886 3013 3195 3083 identifi-

721 3126 894 3188 cent
938 3137 1302 3205 personas
1349 3119 1443 3189 de
1490 3120 1768 3207 quibus
1814 3121 2074 3208 agitur.
2125 3119 2257 3201 (V.
2303 3139 2373 3188 n.
2427 3120 2655 3205 1368).

857 3227 1003 3294 Pro
1051 3227 1363 3296 testibus
1410 3228 1481 3295 in
1532 3227 1672 3297 hac
1723 3224 2030 3306 materia
2082 3228 2530 3315 recipiantur
2580 3228 2821 3315 magis
2878 3246 3196 3297 consan-

725 3333 974 3418 guinei
1020 3352 1247 3421 quam
1321 3334 1672 3420 extranei,
1745 3335 1923 3421 quia
1990 3340 2575 3419 praesumuntur
2646 3335 2916 3403 melius
2974 3333 3199 3404 infor·

727 3441 922 3524 mati,
973 3445 1042 3510 et
1088 3441 1291 3511 cives
1340 3443 1583 3530 magis
1630 3461 1859 3529 quam
1909 3442 2185 3528 exteri3
2237 3459 2376 3510 nec
2407 3441 2886 3511 admittantur
2918 3443 3090 3530 vagi
3123 3449 3199 3512 et

727 3546 1012 3634 militeS,
1061 3548 1199 3616 nisi
1259 3549 1427 3617 data
1499 3566 1731 3618 causa
1795 3561 1869 3617 et
1929 3559 2224 3617 maturo
2293 3547 2644 3616 consilio:
2716 3554 2784 3617 et
2855 3549 3199 3618 notarius

726 3661 989 3724 exacte
1037 3655 1406 3725 describat
1452 3674 1859 3743 personam
1908 3656 2135 3739 testis,
2185 3673 2413 3743 quem
2462 3657 2525 3724 si
2571 3656 2972 3743 cognoscit,
3039 3667 3198 3726 uta·

729 3767 849 3831 tur
894 3762 1236 3833 clausula
1279 3762 1461 3832 mihi
1504 3762 1683 3833 bene
1729 3762 2106 3851 ecyrum&
2138 3813 2141 3818 .
2176 3762 2289 3831 sin
2346 3764 2594 3831 minus
2661 3782 2989 3833 examen
3037 3784 3197 3832 non

729 3871 1051 3958 recipiat,
1100 3872 1260 3958 nisi,
1312 3891 1459 3941 una
1509 3890 1684 3940 cum
1735 3869 2060 3958 persona
2107 3871 2332 3957 testiS,
2383 3870 2632 3958 aliqua
2693 3870 2834 3940 alia
2896 3889 3205 3958 compa-

730 3984 890 4047 reat
935 3979 1222 4066 cognita
1274 3978 1582 4065 notariO,
1630 3985 1702 4047 et
1747 3979 1874 4066 qui
1921 3983 2304 4048 attestetur
2348 3978 2442 4045 de
2489 3979 2792 4046 nomine
2825 3985 2898 4047 et
2926 3996 3207 4065 cogno-

731 4085 932 4183 mine
979 4085 1214 4172 ipsius
1247 4078 1470 4170 testie,
1499 4105 1788 4156 necnon
1825 4085 1919 4154 de
1952 4085 2344 4156 idoneitate
2375 4083 2714 4153 eiusdem
2747 4084 2837 4154 ad
2877 4088 3207 4157 testimo-

733 4192 941 4260 nium
988 4191 1403 4263 ferendum.
1453 4195 1569 4263 Ex
1609 4193 2042 4262 huiusmodi
2074 4193 2551 4261 examinibus
2583 4192 2802 4262 debet
2832 4194 3201 4264 interesse

731 4299 802 4366 in
876 4299 1119 4385 Urbe,
1195 4300 1383 4369 ultra
1449 4301 1864 4387 notarium,
1943 4299 2276 4369 officialis
2346 4300 2761 4388 specialiter
2829 4302 3202 4390 deputan-

734 4404 882 4473 dus
928 4405 1026 4474 ab
1073 4408 1261 4475 Emo
1311 4406 1646 4477 Vicario:
1716 4408 1778 4475 si
1828 4414 2036 4476 extra
2100 4408 2402 4494 Urbem,
2463 4408 2577 4479 vel
2638 4409 2982 4478 Vicat-ius
3038 4412 3208 4499 Epi-

733 4511 941 4598 scopi
990 4511 1108 4580 vel
1154 4512 1401 4600 aliqua
1450 4513 1595 4582 alia
1642 4532 1964 4601 persona
2013 4513 2322 4602 insignis
2392 4518 2463 4583 et
2533 4515 2797 4585 idonea
2871 4515 2969 4585 ab
3042 4519 3208 4605 Epi-

735 4635 968 4705 scopo
1015 4619 1424 4705 specialiter
1471 4620 1940 4709 deputanda:
1987 4621 2172 4691 alias
2221 4622 2570 4707 puniatur
2617 4623 2953 4692 notarius
3013 4625 3207 4694 arbi·
