3509 5317
1745 484 2106 545 -298-

689 628 954 696 mimica
994 644 1090 696 ex
1122 624 1282 692 aliis
1318 625 1747 712 parentibus
1781 631 1962 693 orta.
2013 625 2173 706 Qua
2220 624 2453 694 altera
2502 624 2905 717 hypothesi
2937 626 3170 695 Berta

689 736 762 800 Β.
818 732 1178 820 originem
1230 752 1376 800 non
1427 732 1735 801 haberet
1787 732 1886 801 ab
1933 750 2024 802 eo
2073 731 2351 818 stipite,
2401 750 2448 799 a
2493 750 2643 818 quo
2716 733 3173 818 progenitus

689 840 818 908 fuit
866 840 1094 910 Titius
1130 840 1222 924 3.,
1274 848 1342 908 et
1390 844 1683 908 asserta
1729 840 1920 910 inter
1950 858 2085 910 eos
2118 838 2728 927 consanguinitas
2758 840 3166 910 exulatum

685 952 938 1020 abiret.

822 1060 1106 1124 Verum
1158 1055 1588 1125 huiusmodi
1646 1055 2044 1126 difficultas
2112 1063 2387 1143 quanta
2449 1060 2566 1125 est
2626 1055 3007 1125 evanaecit
3053 1074 3167 1124 ex

685 1184 774 1236 eo
826 1164 1026 1252 quod
1078 1168 1146 1232 in
1198 1164 1553 1248 particula
1608 1163 2054 1233 matrimonii
2102 1162 2356 1231 Aloisii
2404 1164 2502 1248 Β.,
2554 1161 2671 1231 hic
2730 1162 3165 1231 inscribitur

685 1272 882 1340 flliua
934 1276 1322 1360 Augustini
1374 1273 1449 1339 Β.
1499 1279 1572 1341 et
1616 1272 2045 1343 Dominicae
2093 1272 2172 1338 P.
2221 1272 2310 1340 Et
2354 1289 2437 1340 re
2482 1269 2788 1358 quidem
2824 1289 2996 1339 vera
3048 1271 3155 1339 ad

685 1380 1130 1448 identitatem
1182 1396 1681 1464 personarum
1744 1396 1895 1446 non
1959 1379 2326 1448 maiorem
2397 1376 2761 1464 probandi
2812 1379 2963 1445 vim
3028 1377 3162 1447 ha-

685 1488 890 1556 berat
926 1488 1278 1572 particula
1322 1487 1763 1556 matrimonii
1798 1486 2228 1555 Dominicae
2262 1485 2361 1572 Ρ.,
2397 1504 2484 1555 ac
2534 1485 2758 1555 habet
2786 1485 3152 1572 particula

689 1596 1134 1660 matrimonii
1186 1594 1433 1664 Alalaii
1474 1597 1551 1663 B.
1605 1596 1762 1665 Iam
1809 1595 2010 1665 enim
2063 1591 2402 1663 referenti
2454 1592 2524 1661 in
2559 1601 2726 1663 acta
2773 1593 3160 1663 matrimo-

685 1704 894 1768 nium
946 1709 1098 1772 tam
1146 1704 1423 1785 matris,
1472 1721 1701 1790 quam
1751 1700 1899 1787 filii,
1947 1700 2138 1770 fides
2185 1701 2606 1771 adhibenda
2655 1705 2768 1770 est
2813 1702 3156 1788 parocho

685 1812 842 1876 sive
874 1812 1074 1896 quod
1130 1814 1435 1893 asserat,
1470 1808 1833 1878 Aloisium
1869 1828 2039 1879 esse
2085 1807 2321 1876 filium
2373 1808 2803 1878 Dominicae
2838 1809 2937 1892 Ρ.,
2986 1808 3156 1876 sive

685 1916 882 2004 quoti
950 1920 1018 1984 in
1078 1916 1370 1984 tabulas
1434 1917 1843 2002 retulisset,
1897 1917 2390 1999 Dominicam,
2444 1923 2753 2003 nuptam
2801 1917 3159 2003 Augusti-

685 2044 782 2092 no
834 2028 926 2108 R,
982 2044 1150 2096 esse
1198 2024 1426 2092 filium
1478 2025 1824 2095 Andreae
1857 2027 1934 2093 P.
1985 2025 2370 2112 Siquidem
2405 2043 2552 2095 non
2588 2026 2835 2114 agitur
2882 2025 3000 2094 hic
3049 2026 3150 2095 de

681 2136 1098 2204 testimonio
1170 2132 1475 2204 ferendo
1523 2154 1566 2203 a
1617 2135 1950 2221 parocho
1997 2134 2198 2203 circa
2257 2135 2814 2204 matrimonium
2886 2153 3148 2204 coram

681 2264 766 2308 aa
814 2244 1290 2324 celebratum,
1330 2242 1394 2308 in
1430 2260 1579 2328 quo
1627 2242 1788 2328 ipse
1835 2242 2037 2310 testis
2085 2248 2196 2309 est
2246 2259 2382 2327 pro
2429 2241 2752 2311 Ecclesia
2805 2261 2906 2311 ex
2954 2241 3150 2311 facto

681 2352 1054 2440 personali
1090 2356 1162 2416 et
1194 2350 1548 2435 splemni;
1597 2350 1730 2418 sed
1782 2350 2024 2436 agitur
2056 2351 2149 2419 de
2180 2349 2530 2419 filiatione
2576 2351 2738 2420 Sive
2784 2349 3141 2440 leyitima,

681 2460 842 2528 siva
888 2456 1262 2544 illegitima
1314 2456 1479 2540 (Cfr.
1515 2475 1759 2543 praec.
1793 2476 1865 2525 n.
1900 2443 1968 2541 8)
2017 2476 2154 2544 per
2178 2458 2482 2545 parochi
2522 2460 3015 2546 prudentiam,
3051 2479 3152 2530 ne

681 2568 922 2636 subsit
954 2564 1190 2652 jimna
1246 2564 1354 2632 vel
1404 2580 1667 2648 error,
1721 2563 2160 2633 industriam
2191 2618 2207 2650 ,
2258 2566 2698 2652 probitatem
2748 2586 2845 2636 ex
2895 2567 3155 2637 adiun-

681 2676 814 2744 ctis
850 2680 1130 2756 testi-sita,
1166 2680 1234 2740 et·
1266 2671 1567 2760 quidem
1621 2676 1958 2759 tempore
1990 2688 2138 2739 non
2184 2679 2531 2760 suspecto
2555 2691 2587 2757 ;
2633 2709 2671 2721 -
2717 2675 2959 2762 agitur
2991 2692 3148 2743 non

681 2784 774 2849 de
810 2800 1078 2868 magna
1126 2777 1472 2864 part‘ffihia
1521 2777 1838 2846 alicuius
1874 2778 2101 2865 urbis,
2135 2780 2270 2848 sed
2319 2778 2413 2848 de
2460 2799 2690 2866 parva
2743 2781 2993 2867 oppidi
3044 2782 3150 2867 Β.,

681 2892 750 2956 in
802 2908 946 2976 qua.
998 2908 1266 2956 omnes
1302 2888 1745 2972 plerumque
1777 2884 2095 2957 familias
2142 2892 2367 2975 atque
2418 2905 2785 2974 personas
2812 2905 3152 2957 coaevus

681 2996 1062 3084 parochus
1114 2996 1366 3064 noscit.
1413 3029 1459 3043 -
1505 2993 1644 3074 Qui
1693 2994 1912 3079 igitur
1957 2991 2117 3063 fieri
2166 2995 2419 3081 potuit,
2471 3003 2550 3064 ut
2594 2995 2977 3081 parochus
3023 3014 3151 3083 op-

681 3104 826 3188 pidi
878 3104 954 3168 H.
1006 3124 1152 3168 non
1206 3100 1437 3188 probe
1484 3100 1793 3183 noverit,
1827 3105 1958 3170 aut
1990 3099 2216 3170 {fuerit
2261 3121 2516 3172 errore
2565 3102 2682 3172 vel
2728 3100 2994 3171 fraude
3025 3102 3152 3173 de-

681 3216 946 3296 ceptus.
994 3228 1166 3276 curu
1218 3208 1525 3295 sor‘ipsit,
1574 3208 1938 3277 Aloisium
1977 3210 2077 3294 Β.,
2127 3227 2448 3278 uxorem
2498 3209 2922 3294 ducturum,
2971 3227 3151 3279 esse

681 3316 914 3384 fllium
966 3316 1358 3400 Augustini
1408 3317 1484 3383 Β.
1548 3319 1620 3384 et
1664 3316 2097 3384 Dominicae
2160 3317 2235 3383 P.
2303 3315 2417 3385 vel
2487 3316 2737 3387 adhuc
2784 3317 3147 3404 viventiS,

681 3423 794 3492 vel
850 3440 1090 3508 nuper
1138 3444 1178 3492 e
1230 3424 1416 3490 vivis
1463 3420 1846 3492 sublatae?

1824 3622 1869 3704 S
1913 3623 1980 3689 3.

858 3784 1242 3860 Quaenam
1278 3780 1486 3868 fides
1529 3780 2088 3870 parochialibus
2137 3779 2343 3850 libris
2388 3780 2484 3851 sit
2528 3779 2975 3852 adhibenda.

818 3968 918 4032 14.
974 3968 1258 4032 Verum
1310 3963 1509 4029 anim
1558 3980 1738 4031 vero
1786 3979 2204 4048 quamnam
2235 3959 2458 4030 fidem
2511 3967 2893 4030 merentur
2932 3979 3154 4046 paro-

681 4072 958 4140 chiales
1010 4072 1166 4140 libri
1216 4072 1310 4136 ad
1362 4070 1840 4156 probandum
1911 4068 2530 4155 impedimentum
2588 4069 2749 4137 sive
2817 4087 3144 4139 consan-

677 4180 1066 4268 guinitatis
1118 4180 1278 4248 sive
1326 4177 1521 4248 aliud
1572 4177 1938 4264 quodvis?
1986 4213 2030 4225 -
2079 4177 2173 4247 Ut
2208 4177 2292 4245 iis
2323 4175 2707 4245 codicibus
2752 4181 2826 4245 et
2867 4177 3148 4263 cuique

673 4304 898 4352 suurn
954 4284 1314 4372 probandi
1370 4284 1616 4367 robur,
1661 4302 1747 4353 ea
1799 4303 1953 4371 qua
2001 4303 2138 4370 par
2182 4288 2300 4352 est
2348 4302 2728 4368 mensura,
2763 4283 3143 4369 reddatur,

677 4392 1146 4460 retinendum
1194 4396 1326 4475 est,
1358 4390 1534 4460 citra
1570 4409 1881 4461 omnem
1929 4390 2406 4460 dubitationis
2454 4390 2724 4476 aleam,
2760 4390 2988 4459 libros
3018 4409 3149 4478 pa-

673 4500 1042 4568 rtzichiales
1114 4500 1412 4584 plenam
1485 4497 1714 4568 fldem
1773 4497 2022 4569 facere
2091 4502 2452 4587 tanquam
2511 4498 2806 4585 publica
2877 4499 3150 4567 instru-

673 4616 922 4676 menta
974 4624 1298 4692 magnae
1346 4606 1797 4676 auctoritatis
1849 4607 1916 4674 in
1966 4607 2056 4675 iis
2100 4624 2296 4694 quae
2343 4606 2727 4693 parochus
2784 4606 2885 4676 uti
2932 4605 3145 4675 taetis
