3509 5317
3010 1 3021 25 ⁷
3086 1 3463 191 ’ΞὨἯἾ

1801 504 1877 521 -
1919 470 2040 534 442
2080 498 2156 521 ε-

745 610 1047 680 stituere
1094 615 1356 697 potest.
1406 611 1816 699 Postquam
1866 612 2105 681 citatio
2140 610 2499 682 iudicialis
2531 610 2860 681 intimata
2893 616 3029 695 est,
3066 631 3217 680 mu·

745 718 917 786 tatio
965 716 1214 806 quoad
1262 718 1669 805 coniugum
1719 717 2180 789 domicilium
2209 716 2397 787 facta
2438 718 2929 788 mutationem
2978 736 3217 805 roepe·

745 830 865 894 ctu
917 824 1178 894 iudicis
1224 826 1711 912 competentis
1763 826 2071 894 minime
2117 831 2493 912 operatur.

881 934 922 1014 5
969 934 1031 1002 3.
1081 933 1178 1003 Ut
1221 932 1295 1000 in
1345 931 1688 1001 tribunali
1744 931 2245 1003 ecclesiastico
2312 951 2587 1003 caussa
2654 932 2902 1022 aliqua
2977 935 3218 1003 matri·

749 1038 1090 1106 monialis
1139 1039 1521 1108 tractanda
1568 1041 2038 1126 suscipiatur,
2073 1054 2405 1109 ‘necesse
2452 1044 2567 1108 est
2619 1051 2701 1109 ut
2746 1044 3004 1109 contra
3072 1058 3218 1109 ma·

749 1145 1175 1214 trimonium
1214 1144 1578 1233 regularis
1611 1150 1682 1214 et
1713 1137 2019 1215 iuridica
2053 1147 2429 1216 accusatio
2461 1147 2986 1232 praecesserit3
3022 1165 3215 1237 quae

745 1270 1140 1338 nunquam
1187 1252 1322 1320 erit
1366 1252 1841 1338 admittenda,
1893 1252 2031 1321 nisi
2082 1251 2598 1340 proficiscatur
2644 1271 2689 1322 a
2738 1270 3067 1338 persona
3105 1252 3216 1322 vel

753 1359 1107 1446 petsuniS,
1156 1377 1352 1446 quae
1398 1360 1786 1428 communi
1831 1360 1993 1429 iure
2041 1358 2329 1428 habiles
2376 1359 2470 1428 ad
2517 1358 3041 1428 accusandum
3100 1360 3217 1429 ha·

749 1466 1084 1534 beantur.
1133 1466 1420 1535 Etenim
1466 1466 1538 1533 in
1588 1465 2049 1552 quibusdam
2097 1465 2649 1552 impedimentis
2683 1466 2819 1553 ipsi
2853 1466 3220 1555 coniuges·

745 1578 1032 1642 tantum
1081 1573 1183 1641 uti
1231 1578 1712 1642 accusatores
1759 1572 2285 1659 admittuntur,¹
2333 1573 2402 1641 in
2454 1571 2808 1660 aliis'qui
2871 1584 3055 1642 sunt
3111 1573 3215 1641 iis-

749 1678 917 1746 dem
969 1681 1335 1768 sanguine
1383 1682 1802 1768 propinqui,
1854 1681 1973 1749 vel
2023 1681 2243 1751 etiam
2293 1680 2597 1768 quilibet
2641 1682 2736 1750 de
2788 1681 3096 1769 popu10,
3130 1699 3214 1751 ac

749 1786 1046 1854 tandem
1097 1805 1196 1855 ex
1243 1786 1489 1857 officio
1537 1788 1758 1856 etiam
1808 1788 2182 1877 inquisitio
2230 1788 2389 1859 fleri
2437 1794 2720 1877 potest,
2771 1793 2844 1857 et
2887 1788 3215 1876 quando-

745 1910 893 1978 que
941 1894 1176 1981 debet,
1226 1894 1532 1982 quando
1580 1898 2018 1983 praesertim
2071 1901 2331 1965 contra
2377 1895 2693 1966 alicuius
2762 1895 3211 1964 matrimonii

749 2002 1193 2071 validitatem
1245 2003 1569 2091 simplex
1613 2003 2069 2073 denuntiatio
2120 2002 2310 2074 facta
2355 2002 2589 2091 fuerit,
2639 2009 2769 2073 aut
2812 2000 3018 2073 fama
3063 2001 3218 2072 fun·

745 2110 1183 2178 [lamentum
1232 2111 1559 2185 veritatis
1609 2109 2125 2198 praeseferens
2186 2112 2280 2180 de
2337 2111 2654 2181 alicuius
2696 2109 3212 2197 impedimenti

745 2216 1128 2285 existentia
1174 2216 1552 2307 divulgata
1602 2219 1714 2287 sit.

877 2326 921 2406 5
965 2326 1026 2390 4.
1065 2324 1213 2391 Ista
1242 2325 1614 2396 accusatio
1649 2342 1907 2396 coram
1943 2325 2265 2414 legitimo
2298 2326 2684 2396 Ordinario
2710 2325 3209 2395 ecclesiastico

741 2430 901 2498 fieri
953 2432 1190 2517 debet,
1240 2438 1312 2501 et
1357 2434 1661 2522 quidem
1711 2437 1781 2503 in
1832 2437 2138 2523 scripto;
2188 2436 2249 2504 si
2295 2448 2652 2514 oretenus
2715 2431 2902 2504 facta
2977 2431 3211 2518 fuerit,

745 2538 1104 2607 iudicialis
1152 2539 1531 2610 reddenda
1584 2543 1723 2612 erit
1767 2542 1975 2612 iuxta
2026 2543 2329 2631 regulas
2374 2541 2758 2611 communi
2809 2542 2972 2609 iure
3002 2538 3211 2609 tradi-

741 2658 877 2730 tas.
925 2645 1200 2716 scilicet
1246 2646 1637 2718 efficiendo
1691 2655 1768 2717 ut
1813 2656 2210 2720 accusator
2256 2668 2425 2720 eam
2478 2653 2762 2737 repetat
2806 2666 3072 2718 coram
3107 2646 3214 2715 tri·

745 2750 1021 2838 bunali,
1071 2759 1142 2822 et
1186 2774 1228 2824 a
1278 2755 1720 2826 cancellario
1769 2758 1841 2825 in
1891 2758 2076 2827 actis
2123 2759 2522 2847 redigatur.
3250 2774 3253 2776 ’

873 2862 917 2942 5
961 2866 1025 2926 5.
1075 2860 1153 2928 In
1204 2880 1311 2949 ea,
1366 2869 1657 2951 praeter
1703 2871 2134 2935 accuratam
2184 2863 2351 2934 facti
2399 2863 2971 2951 expositionem,
3007 2881 3209 2931 enar·

745 2966 975 3034 randa
1025 2974 1244 3040 erunt
1287 2970 1538 3043 omnia
1574 2971 1936 3051 ,adiuncta
1983 2972 2404 3041 necessaria
2433 3024 2450 3057 ,
2501 2977 2573 3042 et
2618 2971 2869 3040 omnia
2942 2968 3204 3038 indicia

745 3074 1294 3162 eoncurrentim
1345 3076 1714 3148 indicandi
1763 3088 1836 3148 et
1867 3078 2300 3150 nominandi
2347 3068 2574 3150 testes
2605 3077 2699 3147 de
2736 3097 2816 3147 re
2853 3077 3204 3161 instructi,

749 3190 825 3246 ut
873 3182 1013 3250 hoc
1049 3183 1277 3253 modo
1311 3182 1794 3258 fundamenta
1830 3189 2327 3259 accusationis
2358 3191 2934 3276 cognoscantur,
2986 3191 3059 3254 et
3094 3184 3204 3253 via

745 3290 1088 3359 tribunali
1134 3297 1509 3364 sternatur
1558 3295 1844 3367 veritati
1900 3297 2380 3387 detegendae.
2844 3377 2847 3380 ,

873 3398 917 3482 5
961 3402 1024 3466 fi.
1071 3401 1570 3472 Accusatione
1618 3404 1726 3472 sic
1775 3413 2094 3492 recepta,
2146 3423 2430 3474 munus
2477 3401 2977 3472 moderatoris
3022 3406 3207 3471 acto-

745 3522 909 3570 rum
965 3506 1382 3593 Episcopus
1430 3509 1547 3578 vel
1595 3509 1755 3596 ipse
1802 3507 1940 3580 sibi
1987 3526 2346 3599 assumet,
2395 3511 2514 3582 vel
2561 3529 2793 3580 suum
2826 3508 3203 3578 Vicat-ium

737 3613 1188 3699 generalem,
1239 3620 1369 3683 aut
1414 3615 1643 3686 alium
1693 3618 2020 3704 probum
2068 3626 2142 3689 et
2187 3623 2584 3705 expertum
2636 3617 2885 3685 virum
2932 3634 2977 3684 e
3009 3615 3205 3685 clero

741 3718 833 3786 ad
889 3718 1062 3787 illud
1108 3720 1496 3809 delegabit.
1546 3724 1893 3794 Similiter
1939 3726 2171 3795 alium
2231 3726 2479 3809 virum
2547 3724 3011 3812 designabit,
3084 3723 3205 3812 qui

741 3830 1152 3899 cancellarii
1200 3829 1443 3900 officio
1491 3829 1816 3922 fungens
1863 3834 2224 3921 quidquid
2264 3832 2358 3903 ad
2393 3850 2750 3902 caussam
2784 3834 3108 3921 pertinet
3134 3833 3203 3899 in

741 3946 897 4006 acta
953 3936 1235 4025 referat,
1282 3957 1373 4008 ac
1419 3942 1862 4012 nominatim
1908 3944 2525 4033 interrogationes
2556 3944 3085 4014 examinandis
3114 3943 3207 4013 fa·

741 4046 1059 4132 fiendas,
1110 4064 1531 4134 eorumque
1580 4052 2114 4137 responsiones
2160 4054 2435 4138 scripto
2480 4053 2890 4140 consignet.

873 4154 917 4234 5
961 4158 1023 4222 Τ.
1074 4152 1462 4222 Praeterea
1513 4154 1671 4241 ipse
1720 4156 2156 4228 Ordinarius
2190 4160 2498 4228 omnino
2530 4165 2820 4229 tenetur
2843 4158 3202 4246 deputare

741 4258 965 4326 aliun]
1021 4259 1262 4328 virum
1312 4260 1899 4332 ecclesiasticum
1951 4266 2131 4334 iuris
2176 4267 2480 4336 scientia
2515 4272 2587 4336 et
2618 4267 2808 4335 vitae
2842 4267 3199 4352 probitate

741 4366 1178 4452 praeditum,
1213 4366 1339 4453 qui
1374 4368 1825 4438 matrimonii
1864 4369 2215 4442 defensor
2261 4374 2549 4444 existat.
2602 4375 2797 4443 Eum
2828 4383 3013 4443 ver'o
3046 4391 3200 4442 sus-

741 4474 1067 4562 pendere
1089 4472 1208 4541 vel
1233 4491 1644 4562 removere,
1669 4477 1731 4544 si
1754 4478 1951 4549 iusta
1981 4497 2254 4550 caussa
2302 4478 2635 4567 adfuerit,
2660 4487 2736 4550 et
2760 4481 2995 4550 alium
3034 4480 3197 4552 sub-

741 4582 1042 4650 stituere
1089 4579 1176 4648 iis
1221 4580 1693 4669 qualitatibus
1739 4591 2090 4656 ornatum
2126 4587 2515 4658 Ordinario
2561 4583 2867 4676 semper
2910 4586 3027 4659 fas
3049 4589 3191 4659 erit
