3509 5317
714 541 867 602 -61-
949 530 956 538 ’

125 727 131 735 .
176 698 259 748 rum
285 679 577 764 matrimonium,
603 679 714 749 etiam
741 678 845 746 civile
864 677 886 745 ¹.
923 679 962 746 ln
988 678 1158 766 pluribus
1181 681 1290 751 etiam
1321 702 1405 772 pro·

177 787 397 857 vincialibus
421 786 593 874 Synodis,
617 787 665 857 ad
691 786 832 858 maiora
852 786 949 858 mala
968 787 1126 874 vitanda,
1143 788 1233 859 illud
1253 791 1310 860 vel
1327 811 1407 879 per·

177 896 329 966 mittitur
352 895 412 965 vel
436 894 547 964 etiam
572 894 846 982 praescribitur.

242 1003 338 1071 Cum
362 1002 471 1090 igitur
494 1001 723 1072 caerimonia
745 1020 813 1070 seu
838 1001 1118 1072 matrimonium
1135 1003 1241 1072 civile
1263 1002 1405 1073 licitam

175 1110 231 1196 sit,
256 1118 391 1198 sponte
414 1111 591 1199 sequitur,
618 1110 705 1180 illud
729 1109 765 1176 in
790 1127 900 1178 sensa
919 1107 1101 1179 Ecclesiae
1117 1129 1192 1180 non
1218 1129 1303 1181 esse
1328 1131 1403 1181 ma-

176 1218 394 1288 trimonium
411 1214 698 1303 canaeslinnm,
714 1216 815 1305 quod
832 1214 997 1286 illicitam
1014 1217 1177 1304 proiecto
1194 1227 1261 1304 est,
1285 1219 1403 1288 distri·

176 1333 232 1394 cte
257 1325 483 1412 prohibitum
510 1322 521 1359 ²
546 1325 801 1414 gravibusque
825 1325 956 1411 poenis
980 1325 1201 1396 subiectum.

240 1435 295 1502 15.
321 1434 379 1502 Ex
404 1434 474 1502 bae
497 1444 624 1504 autem
649 1432 891 1502 conclusione
907 1440 1019 1521 atque
1035 1453 1084 1502 ex
1099 1434 1188 1519 aliis,
1206 1453 1302 1521 quas
1319 1433 1405 1504 alie-

175 1538 317 1626 rebant,
338 1540 542 1610 rationibus
558 1538 690 1609 confici
703 1539 1053 1610 animadvertebant
1064 1541 1171 1609 etiam
1191 1541 1403 1627 opinionem

176 1647 325 1717 illorum
341 1650 405 1733 qui
421 1648 691 1738 distinguentes
706 1649 938 1734 asserebant,
955 1646 1291 1718 clandestinitatem
1308 1650 1404 1719 eius·

84 1807 87 1813 a
176 1754 278 1823 modi
303 1755 340 1823 in
364 1756 599 1826 matrimonio
624 1756 716 1827 civiti
734 1755 1003 1825 admittendam
1022 1773 1106 1824 esse
1122 1754 1275 1843 quando
1292 1774 1404 1844 agen·

174 1867 229 1931 tes
253 1880 304 1930 ex
328 1882 454 1932 errore
484 1863 541 1931 vel
573 1862 707 1933 malitia
740 1881 873 1933 verum
910 1864 1125 1949 coniugium
1158 1881 1225 1947 per
1256 1862 1401 1932 civilem

174 1967 442 2038 caerimoniam
459 1967 640 2057 perficere
657 1967 848 2038 intendant
854 1988 863 2055 ;
881 1987 995 2037 secus
1011 1968 1288 2038 excindendam
1307 1987 1402 2039 esse.

241 2076 295 2143 16.
321 2075 518 2144 Praeterea
544 2085 584 2144 ut
607 2077 888 2145 matrimonium
912 2073 1019 2144 civile
1043 2074 1232 2161 sponsalia
1256 2093 1404 2162 praese

173 2180 267 2250 ferat
292 2180 350 2250 vel
368 2179 647 2252 matrimonium
663 2182 948 2266 clandestinum,
968 2184 1011 2264 ita
1037 2188 1075 2251 ut
1095 2182 1401 2268 impedimentum

172 2291 292 2376 pariat
321 2290 493 2377 publicae
523 2291 737 2376 honestatis,
761 2289 991 2360 considerari
1019 2290 1146 2377 nequit
1176 2289 1264 2359 illud
1300 2290 1404 2359 civile

172 2397 389 2485 coniugium
413 2408 593 2486 tanquam
610 2405 717 2467 actus
738 2398 931 2466 humanus
947 2401 984 2467 et
1006 2396 1170 2485 moralia,
1194 2400 1258 2485 qui
1283 2398 1332 2468 ab
1355 2397 1406 2465 in·

172 2503 318 2573 tellectu
351 2511 386 2574 et
417 2505 606 2574 voluntate
636 2503 774 2593 pendet
803 2503 958 2591 agentis,
991 2504 1059 2572 sed
1092 2507 1270 2591 tanquam
1295 2506 1405 2571 actas

172 2610 301 2681 stricte
324 2610 528 2698 iamdictis,
561 2612 625 2701 qui
660 2613 801 2681 nedum
827 2610 1026 2680 iaridieam
1049 2608 1212 2679 indolem
1236 2609 1402 2679 ecclesia·

173 2718 307 2788 alicam
331 2717 563 2807 sponsalium
592 2723 629 2787 et
657 2715 881 2788 clandestini
902 2714 1135 2786 matrimonii
1165 2715 1320 2786 induere
1345 2735 1404 2786 va·

174 2826 255 2912 leat
287 2825 356 2896 sed
387 2827 495 2895 etiam
527 2824 703 2914 effectam
733 2825 885 2914 plancae
916 2842 1018 2893 mere
1046 2822 1265 2909 inridicam,
1301 2843 1405 2911 prae·

173 2932 314 3003 dictum
338 2932 477 3003 scilicet
498 2931 826 3022 impedimentum,
853 2932 955 3020 quod
979 2932 1027 3000 ab
1053 2949 1128 3000 uno
1152 2931 1401 3001 ecclesiastico

174 3041 333 3129 positivo
358 3041 438 3110 iure
455 3041 622 3128 procedit
644 3048 680 3108 et
703 3040 849 3128 pendet.
873 3077 895 3088 -
921 3040 1000 3109 lum
1021 3057 1111 3109 vero
1135 3038 1225 3127 quid
1249 3046 1306 3109 est
1330 3058 1406 3107 ma·

174 3147 392 3217 trimonium
417 3147 522 3219 civile
546 3165 674 3217 coram
699 3145 889 3217 Ecclesial
912 3146 1027 3216 Sacra
1053 3146 1333 3216 Paenitentiam
1357 3146 1404 3215 de

16 3247 18 3252 ’
64 3341 67 3345 Α
175 3254 353 3324 mandato
370 3255 423 3322 Pii
440 3254 493 3323 IX
506 3253 715 3341 declaravit,
728 3259 857 3323 actam
868 3252 972 3322 illam
989 3273 1122 3323 coram
1139 3254 1218 3322 Deo
1234 3258 1271 3323 et
1287 3251 1406 3322 Eccle-

173 3359 230 3430 sia
253 3360 356 3429 nullo
381 3361 419 3429 in
439 3359 561 3452 pretio
585 3360 798 3431 habendam
821 3378 927 3446 esse,
954 3380 1073 3449 neque
1097 3359 1243 3430 ratione
1276 3381 1404 3431 sacra·

175 3468 314 3554 menti,
340 3487 459 3557 neque
493 3467 639 3538 ratione
673 3473 892 3538 contractas
917 3465 947 3555 ⁸3
975 3506 996 3517 -
1019 3488 1069 3537 ex
1092 3469 1404 3540 declarationibus

174 3582 300 3646 autem
325 3575 510 3645 Benedicti
533 3575 632 3662 XIV,
657 3576 710 3644 Pii
734 3575 784 3642 Vl
809 3582 846 3644 et
860 3576 1031 3645 eiusdem
1056 3575 1107 3643 Pii
1132 3575 1185 3644 lx
1207 3576 1243 3643 in
1269 3576 1403 3645 eadem

174 3683 415 3753 instructione
439 3683 719 3753 matrimonium
744 3683 849 3752 civile
875 3683 963 3751 nibil
988 3682 1087 3752 aliud
1113 3693 1171 3753 est
1193 3702 1307 3770 quam
1325 3702 1405 3752 eae

175 3787 336 3858 rimania
347 3796 383 3858 et
394 3795 502 3860 actas
515 3808 616 3858 mera
632 3788 748 3858 ciuilis
758 3810 773 3874 ;
790 3795 903 3878 atque
916 3790 997 3860 ideo
1015 3788 1198 3859 eiusmodi
1222 3795 1329 3860 actus
1345 3810 1405 3861 ne

175 3916 248 3985 que
260 3896 501 3984 sponsalibus
514 3896 817 3984 aequiparandus
831 3903 896 3984 est,
911 3900 1050 3985 quippe
1063 3915 1160 3984 quae
1172 3895 1406 3966 matrimonii

174 4002 468 4074 sacramentalia
484 4025 505 4075 a
523 4007 565 4073 D.
582 4004 729 4073 Thoma
744 4010 1021 4093 nuncupantur,
1037 4024 1160 4093 neque
1180 4007 1405 4075 constituere

175 4121 303 4201 posset
326 4114 605 4183 matrimonium
631 4111 917 4200 clandestinum,
935 4113 1037 4202 quod
1054 4121 1112 4183 est
1127 4132 1244 4201 grave
1260 4111 1404 4183 facinus

174 4221 430 4310 gravibusque
454 4222 585 4308 poenis
601 4221 809 4290 obnoxium
817 4241 826 4306 ;
849 4227 961 4309 atque
978 4222 1131 4309 insuper
1152 4229 1225 4290 tam
1251 4238 1394 4307 sponsa

240 4462 250 4498 ¹
273 4462 306 4520 S.
330 4463 506 4522 Paeniteat.
530 4462 687 4520 [astraei.
713 4461 782 4519 diei
808 4460 849 4516 15
871 4463 1010 4518 iaaaar.
1040 4459 1139 4520 1866.

237 4557 357 4617 2Trid.
381 4577 458 4617 sess.
482 4557 539 4616 24.
562 4559 602 4617 de
623 4559 789 4632 reformat.
816 4565 913 4615 matr.
937 4574 1009 4632 cap.
1039 4558 1066 4615 l.

238 4657 251 4695 ὅ
273 4658 335 4718 cit.
358 4652 517 4717 Instruct.
