3509 5317
1354 519 1706 581 ..403-

298 674 449 743 que
500 656 1061 725 matrimonium
1095 658 1385 727 irritum
1419 658 1782 728 declarari
1818 664 2093 746 petunt,
2128 660 2391 729 iterum
2441 662 2756 730 divimus

295 769 519 849 atque
583 763 1078 834 mandamus:
1143 764 1468 835 iudicem
1530 767 1745 853 sequi
1783 765 2086 835 *debere
2153 765 2472 838 formam
2540 770 2756 834 vim-fi-

295 871 532 941 ciendi
561 891 1011 959 processum
1047 891 1132 943 ea
1170 874 1546 960 method0‚
1579 893 1809 962 quani
1845 894 2076 963 supra
2111 877 2752 965 praescripsimus,

295 979 860 1048 matrimonium
917 1000 1094 1051 vero
1144 981 1432 1050 irritum
1468 982 1774 1051 minime
1809 984 2210 1055 renuntiari
2259 1002 2488 1070 posse.
2520 986 2752 1050 *iuria*

297 1101 580 1170 ramus,
617 1088 752 1155 nisi
789 1106 887 1157 ex
922 1087 1009 1158 iis
1040 1090 1313 1172 causis
1353 1107 1550 1176 quas
1582 1091 1935 1176 superius
1968 1091 2504 1174 recensuimus,
2542 1114 2752 1178 *liittra-

294 1207 442 1276 que
490 1198 744 1279 utpote
794 1213 972 1264 cum
1024 1190 1406 1266 Ecclesiae
1452 1195 1785 1266 doctrina
1836 1202 1908 1265 et
1955 1197 2287 1266 unanimi
2336 1205 2632 1283 patrimi
2684 1210 2744 1266 *fr

295 1298 690 1370 doctorum
722 1301 1268 1373 catholicorum
1301 1303 1660 1373 sententia
1694 1309 2288 1375 conseantaneas
2320 1304 2552 1374 Sedes
2588 1326 2696 1390 μμ.
2716 1330 2752 1362 ι-

297 1409 554 1479 stolica
602 1411 1068 1497 approbavit.
1120 1412 1237 1481 Ad
1285 1411 1585 1498 plenam
1634 1412 2060 1499 propositae
2090 1412 2229 1481 abs
2277 1417 2346 1481 te
2392 1418 2752 1500 quaestin-

294 1517 409 1587 nis
457 1519 1088 1606 explanationem,
1141 1525 1372 1590 restat
1416 1538 1619 1589 nunc
1659 1515 2220 1607 declarandum,
2270 1540 2366 1591 an
2416 1522 2456 1590 ii
2508 1526 2752 1590 mniu-

292 1642 432 1712 ges
479 1625 887 1695 catholicae
953 1627 1328 1715 religionis
1375 1626 1725 1713 cultoreS‚
1774 1628 1899 1714 qui
1948 1627 2106 1697 sola
2156 1628 2536 1698 acatholici
2588 1650 2752 1694 vun-

288 1732 560 1802 sistorii
610 1735 1060 1817 auctoritate,
1112 1753 1438 1804 excusso
1488 1735 1754 1821 prioris
1820 1736 2268 1804 matrimonii
2309 1736 2602 1804 vinculi*
2656 1738 2744 1802 ml

289 1842 669 1911 secundas
702 1843 1002 1928 nuptias
1035 1860 1291 1912 coram
1328 1842 1664 1910 ministro
1707 1841 2118 1911 acatholico
2167 1846 2744 1930 properar·„·.riril,

293 1948 565 2018 deinde
612 1949 920 2018 admissi
971 1949 1282 2020 sceleris
1343 1949 1803 2036 poenitentes
1864 1949 2154 2020 veniam
2216 1951 2584 2022 humilitw·
2640 1977 2748 2034 μμ-

289 2061 465 2139 tant‚
530 2057 818 2142 possint
879 2057 972 2125 ad
1036 2070 1685 2126 sacramentorum
1749 2057 2381 2143 participationem
2447 2058 2744 2126 mimmii.

290 2161 439 2231 Sed
481 2162 682 2233 nulla
735 2164 877 2233 hac
926 2163 999 2231 in
1050 2183 1131 2233 re
1180 2168 1423 2250 potest
1467 2182 1637 2233 esse
1683 2164 2060 2251 dubitati0‚
2108 2165 2468 2252 siquidem
2532 2186 2744 2248 wig-⁴1:

288 2271 779 2359 poenitentiae
839 2270 1127 2340 fructus
1188 2270 1475 2355 faciant,
1537 2289 1862 2358 quorum
1928 2271 2258 2359 primum
2321 2271 2524 2339 illum
2580 2294 2744 2342 irase.

287 2384 599 2466 oportet,
664 2388 742 2448 ut
788 2399 830 2448 a
880 2378 1215 2449 secundo
1275 2379 1595 2468 coniuge
1651 2383 2115 2465 separentur,
2178 2379 2238 2448 si
2301 2381 2500 2466 prior
2556 2382 2748 2446 rimis.

287 2486 560 2555 adhuc.
609 2486 733 2555 Sin
785 2504 966 2555 vero
1015 2486 1456 2569 decesserit,
1506 2494 1575 2556 et
1623 2492 1936 2573 uterque
1986 2485 2265 2553 coniux
2312 2486 2402 2553 sit
2456 2490 2748 2554 eutimii-

289 2612 446 2680 cuS,
497 2594 913 2681 Episcopus
960 2600 1231 2666 statuet
1275 2594 1450 2681 quid
1513 2592 1704 2663 facto
1751 2612 1949 2681 opus
1995 2592 2227 2678 fuerit,
2280 2598 2360 2662 ut
2406 2592 2532 2662 riti¹
2584 2614 2744 2658 sm·-

286 2710 552 2792 cteque
617 2696 1174 2773 matrimonium
1235 2704 1570 2774 contrahi
1629 2704 1883 2792 possit.
1955 2704 2099 2772 Sed
2163 2705 2224 2771 si
2291 2706 2744 2772 acathnlir-iffi

286 2812 475 2883 alter
523 2831 621 2882 ex
653 2813 1101 2900 coniugibus
1147 2811 1382 2897 fuerit,
1431 2813 1556 2900 qui
1591 2831 1764 2881 cum
1815 2812 2176 2881 catholico
2226 2813 2397 2881 velit
2447 2818 2744 2898 nimrim-v.

284 2919 490 3004 inire,
542 2918 655 2987 vel
708 2920 778 2988 in
830 2938 919 2988 eo
968 2938 1173 3004 casu,
1209 2938 1360 3006 quo
1394 2919 1778 2988 vinculum
1817 2919 2085 3005 prioris
2130 2919 2245 2988 sui
2295 2922 2736 2988 mat‘rinimnii

287 3044 422 3112 per
469 3025 843 3113 duplicem
912 3027 1350 3097 sententiam
1421 3027 1682 3096 iudicis
1742 3026 2215 3096 ecclesiastici
2268 3027 2396 3096 rite
2442 3050 2528 3094 aar
2588 3030 2744 3108 lup-*i—

288 3133 464 3202 time
512 3132 958 3202 dissolutum
1007 3132 1243 3217 fuerit,
1295 3133 1412 3202 vel
1459 3133 1530 3201 in
1580 3134 1812 3203 altero
1858 3133 2060 3220 quod
2111 3151 2245 3220 per
2291 3142 2608 3202 mortrffl
2648 3138 2744 3198 :il-

282 3238 518 3306 terius
565 3239 905 3327 coniugis
951 3240 1283 3327 primum
1349 3240 1909 3309 matrimonium
1972 3244 2237 3326 suapte
2293 3245 2548 3308 natura
2608 3242 2744 3306 ilia-

282 3351 587 3432 ruptum
625 3366 714 3416 ac
746 3346 1145 3416 discissum
1196 3346 1431 3433 fuerit,
1468 3354 1642 3417 tunc
1687 3353 1907 3416 caute
1932 3353 2003 3415 et
2037 3347 2373 3415 maxima
2417 3350 2732 3415 adhibita

281 3453 652 3541 diligentia
705 3473 788 3524 se
825 3460 1090 3543 gerant
1123 3455 1488 3542 Episcopi.
1522 3454 1970 3524 Huiusmodi
2020 3455 2217 3523 enim
2270 3454 2732 3524 matrimonia

280 3561 470 3630 inter
506 3579 734 3631 unam
773 3569 1059 3649 partem
1099 3562 1573 3647 haereticam,
1622 3566 1692 3631 et
1723 3562 2034 3632 alteram
2070 3560 2528 3634 catholicam,
2560 3586 2732 3626 vimi

280 3669 609 3741 Ecclesia
661 3688 964 3758 semper
1012 3671 1372 3741 detestata
1408 3670 1643 3757 fuerit,
1678 3678 1748 3740 et
1780 3670 2276 3740 severissimis
2326 3670 2608 3758 legibus
2648 3674 2736 3734 iii-

283 3777 680 3863 terdixerit‚
744 3796 834 3847 eo
884 3778 999 3847 vel
1060 3780 1397 3847 maxime
1444 3780 1645 3866 quod
1707 3779 2153 3866 plerumque
2204 3778 2464 3848 subest
2508 3798 2736 3862 grim-u

281 3883 698 3972 periculum
733 3884 1203 3969 pervertendi
1254 3890 1326 3954 et
1371 3884 1848 3955 abstrahendi
1898 3904 1940 3955 a
1988 3883 2139 3954 fide
2185 3883 2536 3954 catholica
2576 3906 2736 3950 asuri-

279 3990 553 4079 iugem‚
621 3995 692 4059 et
752 4009 1033 4078 anceps
1094 4010 1186 4061 ac
1231 3991 1463 4060 dubia
1507 3992 1599 4061 sit
1654 3992 1993 4061 educatio
2056 3990 2285 4078 prolis
2346 3994 2736 4074 utriiis÷·1·iie

276 4118 516 4169 sexus
564 4100 635 4167 in
688 4099 1047 4187 religione
1093 4101 1476 4187 catholica,
1525 4101 1930 4170 christiana
1976 4100 2330 4169 charitate
2376 4105 2444 4167 et
2492 4102 2732 4166 siniri-

278 4209 424 4276 tate
486 4213 849 4293 quantum
914 4204 1073 4276 fleri
1138 4208 1419 4294 poterit,
1480 4213 1819 4277 avertant
1878 4208 2219 4302 Episcopi
2277 4225 2367 4277 ac
2415 4210 2736 4274 reia-imit

277 4313 443 4385 talia
493 4314 862 4403 coniugia.
914 4314 1129 4395 Quod
1162 4315 1223 4383 si
1259 4314 1680 4402 periculum
1722 4313 2223 4401 perversionis
2262 4313 2596 4402 coniugis
2636 4338 2736 4382 rt*-

278 4431 699 4504 moveatur,
751 4427 822 4491 et
868 4421 1100 4509 prolis
1150 4422 1494 4491 educatio
1542 4423 1614 4489 in
1681 4428 1839 4490 tuto
1886 4422 1996 4507 sit,
2046 4422 2133 4490 iis
2179 4421 2524 4490 adhibitis
2572 4442 2736 4486 *fun*

277 4528 695 4615 ditionibus
745 4547 940 4616 quas
973 4528 1418 4597 Benedictus
1448 4527 1625 4597 XIV
1658 4528 1729 4595 in
1763 4527 2436 4615 supramemoratis
2488 4530 2736 4594 litteris

276 4638 366 4710 ad
403 4636 810 4707 Primatem
845 4641 918 4706 et
949 4635 1300 4706 Poloniae
1331 4636 1743 4723 Episcopos
1775 4637 2162 4723 diligenter
2191 4653 2496 4705 servare
2536 4654 2736 4718 piant*-
