3509 5317
1765 481 2123 540 -112—

721 639 915 708 quite
951 638 1229 707 urgens
1260 638 1492 688 eausa
1527 617 1952 703 putabatur,
1985 624 2221 688 nutet:
2259 628 2433 689 tunc
2469 616 2804 701 infidelis
2834 635 2970 703 pro
3008 625 3178 684 tem-

725 752 781 812 μ
805 746 1012 811 nrum,
1047 745 1542 813 personarum
1581 731 1650 793 et
1681 725 2022 795 locorum
2056 725 2441 809 adiunctiS,
2492 725 2651 794 sive
2685 743 2819 811 per
2854 724 3173 793 iudicem

721 833 1307 903 ÷÷.r·÷·.lesiastieum
1371 840 1499 902 aut
1553 833 1775 902 etiam
1839 833 2146 918 laicum,
2210 834 2369 903 sive
2423 831 3076 902 extraiudicialiter
3136 850 3179 899 a

721 941 1035 1029 waninge
1104 958 1473 1010 converso
1544 939 1888 1009 adhibitis
1957 941 2306 1022 testibuS,
2367 945 2447 1008 ut
2498 940 2731 1008 satius
2778 944 2892 1008 est
2938 936 2995 1024 ¹,
3054 945 3180 1008 aut

721 1052 1022 1130 saltem,
1070 1048 1132 1117 si
1182 1047 1391 1116 aliter
1436 1045 1596 1115 fleri
1646 1053 2003 1134 nequeat,
2072 1067 2206 1134 per
2252 1045 2529 1115 bonam
2576 1044 2914 1134 aliquam
2961 1043 3181 1113 inter·

717 1154 1041 1240 ,insitam
1085 1152 1683 1243 prudentemque
1707 1172 2122 1243 personam
2171 1155 2307 1223 erit
2353 1152 2941 1239 interpellandus
2976 1150 3024 1218 ².

849 1265 953 1331 43.
1006 1264 1288 1331 Verum
1356 1282 1443 1332 ea
1507 1262 1745 1349 potior
1807 1261 2203 1331 enodanda
2255 1267 2368 1331 est
2414 1260 2843 1346 difficultaS,
2907 1259 3181 1329 seilicet

717 1369 891 1456 quid
940 1371 1034 1439 sit
1078 1370 1462 1458 agendum
1510 1369 1816 1457 quando
1865 1369 2145 1462 coniux
2193 1369 2289 1438 ad
2335 1367 2565 1438 fldem
2615 1385 3040 1436 conversus
3086 1367 3182 1434 in-

717 1477 1102 1564 ivi-pellam
1164 1478 1478 1546 alterum
1540 1479 1825 1564 nequit,
1877 1514 1919 1526 -
1967 1477 2082 1546 vel
2133 1477 2305 1564 quia
2355 1473 2675 1544 infidelis
2737 1493 2884 1542 non
2938 1479 3180 1560 potest
3263 1516 3265 1519 ·

713 1583 913 1669 sitiri,
965 1620 1007 1677 ῥ-
1056 1584 1168 1651 vel
1220 1584 1392 1670 quia
1441 1601 1591 1651 non
1643 1588 1951 1668 constat,
2004 1601 2381 1670 quaenam
2425 1601 2523 1650 ex
2559 1581 2897 1668 pluribus
2932 1598 3175 1666 perso-

717 1696 829 1756 nis
875 1691 967 1758 sit
1013 1690 1568 1777 interpellanda,
1623 1709 1684 1766 e.
1719 1709 1827 1777 gr.
1877 1709 2051 1759 eum
2095 1691 2497 1776 ignoratur,
2533 1706 2911 1776 quaenam
2950 1706 2990 1755 e
3026 1686 3176 1772 plu-

717 1800 940 1878 ribus,
975 1815 1169 1884 quas
1202 1797 1370 1883 quis
1406 1797 1631 1866 habet
1665 1796 1778 1866 vel
1817 1797 2089 1882 babuit,
2121 1797 2438 1884 legitima
2466 1795 2560 1864 sit
2585 1796 2926 1864 eiusdem
2958 1812 3171 1863 uxor.

849 1904 953 1970 44.
988 1905 1076 1971 Et
1094 1902 1349 1992 primo
1374 1904 1680 1990 quidem
1706 1905 2108 1991 quaeritur,
2138 1903 2315 1990 quid
2342 1903 2727 1989 agendum
2751 1901 2845 1970 sit
2866 1899 3169 1988 quando

721 2010 1158 2097 interpellari
1208 2009 1526 2079 infidelis
1573 2031 1723 2080 non
1779 2019 2018 2098 potest
2062 2030 2160 2079 ex
2205 2009 2463 2098 prima
2495 2028 2754 2092 caasa,
2810 2009 2983 2095 quia
3033 2008 3165 2075 soi-

725 2120 881 2184 lii-et
927 2117 1235 2186 ubinam
1282 2118 1373 2185 sit
1422 2118 1826 2205 ignoratur,
1881 2118 1997 2184 vel
2045 2117 2234 2186 adeo
2287 2117 2525 2200 distat,
2581 2120 2657 2183 ut
2690 2117 2996 2183 monitio
3033 2134 3178 2183 mo·

725 2224 963 2292 militer
1010 2224 1491 2311 impossibilis
1537 2232 1954 2294 censeatur.
2030 2225 2176 2292 Dici
2226 2224 2426 2293 enim
2479 2224 2762 2310 nequit,
2817 2222 3176 2291 moralem

725 2340 896 2398 liiiio
932 2331 1185 2400 haberi
1220 2331 1735 2401 certitudinem
1770 2331 1865 2399 de
1892 2329 2207 2399 infidelis
2234 2331 2723 2399 obstinatione
2751 2330 2819 2396 in
2846 2327 3177 2398 discessu

721 2440 806 2500 mi
865 2458 1174 2511 sensum
1228 2440 1525 2526 phrasis
1572 2439 1926 2525 Apostoli,
1962 2445 2034 2507 et
2065 2444 2613 2525 consequenter
2646 2438 2716 2504 in
2752 2455 2935 2506 casu
2973 2437 3172 2507 haud

721 2564 912 2628 *qius
960 2564 1129 2615 esse
1176 2546 1777 2632 interpellatione,
1834 2552 1913 2614 ut
1949 2546 2212 2633 ’plures
2261 2545 2721 2628 docuerunt,
2769 2562 2968 2630 quos
3014 2546 3182 2613 citat

725 2668 781 2716 esi
861 2654 1196 2740 sequitur
1265 2652 1606 2724 Sanehez
1665 2651 1710 2719 ³.
1785 2654 1993 2722 Ultro
2055 2654 2253 2721 enim
2317 2650 2670 2719 dabimus
2731 2650 2936 2736 quod
2993 2651 3178 2719 alter

721 2763 996 2830 mniux
1056 2782 1193 2849 spe
1241 2762 1531 2831 destitui
1582 2761 1770 2831 forte
1819 2763 2053 2848 possit
2109 2779 2337 2829 suum
2389 2758 2882 2846 recuperandi
2930 2759 3182 2827 coniu-

721 2887 933 2948 mm:
996 2875 1298 2937 atvero
1347 2887 1445 2937 ex
1492 2888 1584 2937 ea
1636 2873 1923 2937 tantum
1987 2869 2267 2937 ratione
2329 2867 2530 2955 quod
2589 2866 3178 2952 interpellandus

721 2974 996 3041 ‹uiniux
1043 2975 1224 3043 adiri
1275 2975 1544 3061 nequit,
1596 2975 1810 3062 argui
1861 2983 1933 3043 et
1980 2974 2235 3043 baberi
2284 2993 2510 3059 posse
2563 2971 2926 3042 moralem
2976 2973 3187 3042 certi-

729 3084 1051 3151 tudinem
1102 3084 1303 3169 quod
1356 3082 1472 3150 hie
1521 3083 1700 3151 nolit
1748 3087 1877 3150 aut
1909 3083 2263 3163 converti,
2313 3089 2441 3151 aut
2490 3082 2824 3159 habitare
2874 3081 3187 3167 pacifice

721 3192 878 3256 eine
927 3200 1231 3274 peceato
1281 3209 1455 3259 oum
1495 3208 1888 3274 convers0,
1939 3191 2139 3258 haud
2176 3190 2456 3259 admitti
2493 3208 2718 3276 posse
2749 3208 3182 3259 censemus.

729 3300 825 3360 l=3=i
874 3297 989 3364 vel
1043 3298 1284 3383 magis
1331 3299 1554 3384 quod,
1604 3298 2061 3384 experientia
2103 3304 2308 3382 teste,
2360 3316 2513 3367 non
2551 3317 2719 3365 raro
2754 3299 3067 3384 eveniat,
3107 3307 3186 3369 ut

725 3404 927 3492 prius
975 3406 1067 3474 ad
1118 3405 1597 3474 christianam
1648 3404 1877 3474 fldem
1931 3405 2213 3473 venerit
2250 3406 2548 3488 coniuX,
2598 3403 2724 3490 qui
2777 3405 3182 3491 putabatur

725 3520 785 3580 ill
845 3512 1262 3582 infidelitate
1313 3513 1762 3598 obstinatus,
1828 3505 2060 3600 quam
2118 3530 2383 3581 recens
2438 3530 2876 3580 conversus.
2954 3512 3181 3600 Igitur

725 3624 785 3684 iii
841 3621 1204 3689 eiusmodi
1260 3640 1512 3689 rerum
1562 3622 1950 3705 adiunctis
2002 3621 2277 3708 quibus
2324 3620 2671 3688 solutioni
2723 3620 2989 3707 prioris
3028 3622 3176 3687 vin-

721 3728 861 3792 villi
910 3729 1325 3815 coniugalis
1373 3728 1665 3796 nullum
1712 3746 2082 3796 converso
2132 3729 2251 3797 ius
2302 3729 2608 3815 praebet
2653 3726 2958 3797 alterius
3006 3748 3175 3798 con-

725 3836 911 3916 iugis
956 3832 1353 3919 discessus,
1409 3835 1685 3922 quippe
1733 3835 1858 3921 qui
1915 3837 2027 3902 vel
2077 3854 2228 3903 non
2263 3835 2525 3919 existit,
2560 3835 2677 3903 vel
2714 3836 2873 3902 erui
2908 3837 3177 3921 nequit,

721 3941 1064 4009 adeunda
1138 3942 1270 4010 erit
1337 3941 1742 4028 apostolica
1820 3941 2056 4011 Sedes
2105 3960 2242 4028 pro
2292 3946 2717 4029 opportuno
2770 3943 3101 4010 remedio
3134 3941 3177 4007 ⁸.

861 4112 869 4144 ¹
921 4107 1052 4167 Gi'r.
1102 4108 1479 4167 Glerieatum
1525 4107 1604 4164 de
1648 4108 1941 4164 matrim.
1990 4107 2099 4165 cit.
2150 4107 2346 4164 decis,
2412 4106 2509 4163 11.
2558 4125 2678 4163 noe.
2732 4104 2979 4164 22-23.

857 4208 877 4241 ³³
925 4206 1117 4264 Plura
1158 4224 1236 4265 ex
1278 4208 1386 4265 eit.
1443 4207 1900 4265 Ins¹ructione
1945 4206 2066 4265 diei
2124 4206 2202 4261 19
2248 4207 2410 4264 iulii
2463 4207 2659 4262 1848.

857 4304 876 4336 ³
922 4304 1198 4363 Sanehez
1247 4305 1353 4361 lib.
1407 4306 1468 4362 7.
1521 4305 1690 4377 disp.
1750 4303 1855 4361 74.
1911 4322 1973 4362 n.
2042 4304 2139 4361 14.

857 4404 875 4436 ⁴
919 4402 1273 4460 Meminisse
1338 4402 1436 4459 hie
1484 4401 1765 4471 iuvabit,
1813 4401 2010 4475 quod,
2059 4407 2195 4478 post
2237 4401 2650 4459 Verricellum
2715 4401 2823 4475 (de
2874 4401 3181 4475 apostoli-

865 4500 1314 4565 .Mi;sionibu‚·,
1360 4502 1454 4557 tit.
1509 4499 1604 4574 4.)
1649 4499 2114 4558 animadvervit
2157 4499 2522 4557 Benedictus
2551 4498 2714 4556 XIV
2756 4497 2878 4573 (De
2923 4497 3178 4570 Synodo

878 4596 979 4654 13.
1019 4614 1160 4671 cap.
1201 4596 1310 4654 21.
1347 4597 1529 4654 initio
1576 4615 1695 4653 πη.
1738 4596 1797 4652 3.
1836 4604 1899 4653 et
1931 4595 2027 4672 6.)
2076 4597 2340 4667 seilicet,
2376 4595 2863 4654 Constitutiones
2894 4595 2960 4655 S.
2996 4595 3099 4653 Pii
3126 4593 3180 4650 V
