3509 5317
1432 486 1788 547 -151—

487 625 875 695 Secundo:
914 663 957 674 -
1004 626 1082 693 In
1118 624 1464 711 Episcopi
1494 643 1632 693 seu
1659 623 1940 712 Synodi
1975 624 2439 711 particularis
2471 632 2824 711 potest-[lv

344 733 557 801 haud
613 738 753 818 est,
803 732 1007 803 nulla
1055 739 1280 820 atque
1327 731 1522 801 irrita
1589 732 1997 801 decernere
2078 731 2564 813 matrimonia,
2636 752 2824 816 ιμιην

345 856 501 907 non
530 840 873 925 praeviis
904 838 1600 909 denunciationibus
1632 838 2173 907 contrahantur
2204 856 2459 907 coram
2498 858 2648 926 paw
2668 840 2744 904 wl
2764 864 2828 904 m

345 947 518 1017 licet
568 948 803 1037 invito
850 966 941 1016 ac
989 947 1393 1017 reluctante
1439 952 1512 1015 et
1556 946 1860 1015 duobus
1907 947 2239 1015 testibus.
2287 983 2333 995 -
2367 947 2580 1016 Alius]
2632 956 2824 1012 *stass-t

344 1055 443 1123 de
493 1055 984 1123 matrimonio
1034 1054 1406 1124 celebrato
1452 1058 1708 1122 contra
1758 1053 2227 1123 interdictum
2275 1055 2544 1140 Papae,
2600 1056 2828 1120 ninni-

343 1165 510 1228 tum
566 1161 875 1229 decreto
923 1160 1250 1231 irritante
1297 1199 1342 1208 -
1388 1159 1430 1226 ².

503 1266 806 1337 Tertio:
851 1305 895 1316 —
941 1269 1348 1338 Publicatio
1396 1268 1667 1339 decreti
1728 1268 2094 1337 tridentini
2166 1266 2556 1354 (Tametsi)
2628 1292 2824 1352 piu-w-

344 1378 709 1463 sumitur,
760 1377 885 1446 ubi
935 1377 1113 1446 illud
1160 1374 1381 1445 fuerit
1434 1376 1682 1464 aliquo
1727 1381 2069 1462 tempore
2117 1377 2186 1444 in
2239 1377 2588 1464 parocbia
2656 1387 2828 1444 ltili]-

346 1501 594 1570 quam
647 1483 1033 1554 decretum
1083 1483 1378 1553 Concilii
1426 1483 1936 1552 observatum.
1990 1520 2037 1533 -
2071 1485 2181 1552 Ex
2230 1484 2824 1554 resolutifflwffim-

345 1610 528 1660 crae
581 1592 659 1661 C.
710 1592 1008 1661 Concilii
1056 1591 1252 1660 edita
1296 1590 1416 1658 die
1463 1592 1552 1659 26
1598 1589 2051 1675 septembris
2097 1591 2273 1659 anni
2346 1593 2535 1675 1602,
2596 1612 2820 1676 quum

347 1698 772 1786 ingeminat
817 1698 956 1768 alia
1005 1698 1146 1767 diei
1192 1700 1282 1767 30
1330 1698 1569 1767 martii
1618 1699 1793 1767 1669
1840 1695 1886 1765 ².

495 1807 839 1884 Quarto:
884 1842 929 1855 -
976 1806 1317 1893 Episcopi
1371 1805 1485 1872 vel
1535 1806 1752 1874 etiam
1807 1804 2088 1893 Synodi
2122 1804 2596 1891 provincialis
2648 1812 2824 1868 *Lair

348 1913 636 1981 stitutio
687 1932 822 2000 per
871 1913 1265 2000 parochias
1313 1912 1810 1999 promulgata,
1861 1931 2055 2000 quae
2090 1912 2285 1982 irrita
2317 1912 2636 1982 declaret
2680 1932 2820 1976 nir·-

348 2020 704 2090 trimonia
758 2020 1235 2104 clandestina,
1271 2019 1497 2106 idque
1543 2018 1638 2088 ad
1687 2018 2010 2088 formam
2069 2019 2381 2106 ,quidem
2456 2020 2820 2088 tritl÷·=1uini

348 2126 636 2196 decreti
685 2125 1104 2213 (Tametsi),
1160 2124 1293 2195 sed
1341 2125 1542 2194 nulla
1593 2123 1784 2195 facta
1823 2125 2047 2194 huius
2091 2126 2362 2195 decreti
2399 2125 2820 2213 publianum-

349 2252 466 2317 ne,
518 2253 776 2322 neque
837 2235 907 2302 vi
955 2234 1316 2319 eiusdem,
1365 2233 1500 2301 sed
1571 2233 1871 2320 propria
1947 2236 2233 2302 tantum
2309 2233 2648 2320 Episcopi
2708 2236 2816 2300 wl

349 2340 649 2429 Synodi
695 2342 1151 2427 auctoritate,
1186 2359 1337 2410 non
1365 2340 1616 2409 adimit
1648 2340 2074 2409 firmitatem
2109 2339 2600 2409 matrimoniis
2632 2340 2820 2404 vim-12

351 2447 648 2518 destine
693 2448 1107 2517 celebratis.
1154 2485 1200 2494 —
1246 2448 1349 2517 Ita
1399 2466 1497 2516 ex
1545 2446 2001 2516 resolutione
2062 2446 2133 2515 S.
2184 2446 2257 2515 C.
2321 2446 2612 2515 Concilii
2680 2448 2812 2512 <liei

350 2557 393 2623 2
442 2555 876 2625 decembris
927 2557 1101 2625 1628
1156 2556 1405 2643 quoad
1471 2554 1838 2624 eiusmodi
1888 2554 2276 2642 synodalia
2326 2554 2612 2625 decreta
2676 2560 2816 2620 llw

353 2661 585 2731 thena
620 2682 755 2750 per
779 2662 1177 2749 parochias
1201 2662 1683 2751 promulgata
1701 2668 1775 2732 et
1797 2682 1894 2731 ex
1923 2662 2062 2732 alia
2090 2663 2231 2732 diei
2264 2664 2353 2732 20
2380 2664 2612 2732 martii
2656 2668 2818 2732 1νὰ2ῑί

353 2771 772 2857 approbata
823 2775 894 2840 et
924 2769 1366 2841 confirmata
1392 2770 1490 2840 ab
1523 2771 1833 2846 Urbano
1863 2772 2049 2855 V111,
2086 2772 2212 2859 qui
2245 2778 2517 2857 tamen,
2544 2792 2636 2840 ert
2676 2774 2816 2836 illm

355 2877 703 2946 eiusdem
752 2877 822 2946 S.
874 2877 946 2946 C.
997 2878 1342 2947 consulto
1389 2878 1528 2947 diei
1577 2880 1668 2948 20
1713 2878 1973 2965 aprilis
2022 2881 2216 2963 1629,
2267 2898 2401 2966 per
2431 2898 2612 2948 suas
2648 2900 2816 2964 afm-

355 2984 661 3054 stolicas
708 2984 982 3054 litteras
1029 2986 1102 3053 in
1148 2984 1387 3055 forma
1443 2986 1806 3054 Brevium
1855 2992 1929 3055 et
1972 3000 2107 3073 per
2153 2987 2337 3057 alias
2383 2987 2479 3056 ad
2527 2988 2816 3056 Arvliisu

354 3089 756 3177 piscopum
811 3091 1314 3176 Kioviensem,
1363 3092 1701 3179 providit,
1756 3100 1836 3162 ut
1879 3084 1950 3161 in
2005 3095 2349 3165 Ruthena
2414 3096 2812 3181 provinvln,

359 3196 473 3264 vel
532 3198 598 3265 vi
647 3198 919 3267 decreti
968 3198 1349 3286 apostolici
1399 3198 1514 3268 vel
1563 3199 2060 3287 publicatione
2104 3200 2472 3271 tridentini
2518 3204 2812 3272 dalla-<nt

357 3302 556 3374 irrita
606 3304 874 3374 flerent
919 3305 1375 3377 clandestina
1425 3308 1770 3395 coniugia
1819 3304 1862 3370 ⁸.
1914 3309 2103 3376 Hinc

495 3411 792 3489 Quinto:
814 3451 856 3460 -
878 3413 1255 3500 Synodale
1279 3414 1686 3501 decretum,
1707 3415 2053 3503 quamvis
2077 3416 2212 3484 iuri
2237 3420 2616 3485 communi
2652 3440 2812 3484 1:2³1]-

358 3519 694 3605 trarium,
743 3519 903 3589 sive
972 3520 1222 3608 quoad
1294 3520 1826 3609 impedimenta
1877 3523 2327 3591 matrimonii
2376 3522 2812 3600 dirimnnlisl*

358 3624 518 3694 sive
566 3625 819 3714 quoad
868 3627 1005 3697 alia
1058 3627 1434 3715 quaelibet
1479 3628 1949 3698 ecclesiastici
2000 3630 2198 3715 iuris,
2235 3629 2361 3698 ubi
2401 3627 2604 3698 fueri!
2648 3656 2812 3716 :slm-

359 3732 614 3801 stolica
665 3731 1233 3804 confirmatione
1282 3753 1431 3803 non
1481 3736 1551 3803 in
1577 3735 1820 3806 forma
1846 3737 2253 3823 communi,
2280 3737 2413 3806 sed
2454 3740 2525 3804 in
2560 3740 2808 3820 fluviis-s

358 3838 720 3929 specifica
768 3843 1224 3930 roboratum,
1277 3842 1692 3931 pontificiae
1742 3844 1924 3933 legis
1973 3846 2123 3913 vim
2172 3846 2396 3916 habet
2440 3847 2514 3915 in
2572 3852 2816 3912 suildi-

360 3950 476 4035 tos
519 3947 882 4018 dioecesis
931 3950 1045 4018 vel
1095 3950 1541 4038 provinciae,
1577 3959 1799 4038 prout
1847 3952 2204 4039 Synodus
2227 3961 2342 4022 est
2369 3954 2804 4023 dioeeffiflnu

359 4054 473 4122 vel
509 4056 978 4141 provincialis
1023 4094 1069 4106 -
1114 4052 1158 4121 ⁸.

489 4302 506 4337 ¹
553 4301 685 4360 Gfr.
730 4304 985 4363 eundem
1030 4305 1346 4365 Benedict.
1395 4307 1544 4366 XIV
1591 4307 1745 4365 ibid.
1796 4326 1916 4367 nn.
1963 4306 2121 4371 2-3.

484 4397 510 4434 2
552 4397 719 4457 Idem
765 4400 923 4460 ibid.
970 4419 1040 4462 n.
1088 4401 1153 4461 6.

483 4495 508 4532 ⁸
553 4494 682 4555 cfr.
730 4499 984 4557 eundem
1028 4500 1343 4561 Benedici..
1393 4503 1541 4563 XIV
1589 4503 1630 4562 l.
1677 4521 1732 4562 e.
1782 4522 1819 4562 a
1862 4522 1932 4564 n.
1985 4504 2047 4562 7.
2096 4506 2171 4565 ad
2223 4505 2326 4564 12.

484 4595 509 4631 ⁴
549 4595 810 4655 Eruitur
851 4614 928 4656 ex
972 4598 1069 4657 his
1111 4617 1266 4674 quae
1309 4600 1469 4659 idem
1513 4602 1809 4664 Pontifex
1851 4602 2050 4664 tradit
2095 4605 2211 4665 loe.
2258 4608 2365 4665 cit.
2414 4625 2483 4665 n.
2544 4608 2640 4664 Μ.
