3509 5317
691 527 876 601 -.65-'

152 674 338 744 «Concilii
362 673 564 744 Tridentini
594 673 838 758 interpretum
864 669 932 739 rite
956 687 1001 739 ac
1029 669 1162 740 sedulo
1198 672 1385 758 expende-

150 789 298 852 «retur.
324 783 439 854 Sacra
464 786 590 851 autem
615 779 878 867 Congregatio,
916 779 1110 866 exquisitis
1145 780 1312 848 virorum
1346 781 1382 849 in

149 889 402 978 «theologicis
425 895 460 959 et
483 887 673 958 canonioIs
696 880 898 973 disprlinis
923 885 1127 972 peritorum
1150 886 1385 957 consultatIo·

150 996 308 1082 «nibus,
332 1013 378 1063 ac
402 1014 443 1064 re
478 999 624 1064 mature
647 994 818 1063 discussa
855 993 892 1060 ln
928 993 1092 1082 generali
1127 994 1275 1061 comItio
1311 994 1382 1062 diei

151 1122 168 1163 «
186 1104 229 1170 13
255 1103 374 1172 martii
401 1105 488 1173 1879
513 1102 726 1191 propositae
750 1102 850 1170 dubii
867 1100 1050 1170 formulae
1064 1103 1161 1169 -An
1176 1107 1299 1186 actus,
1319 1100 1384 1189 qui

153 1209 299 1299 «orrlpo
324 1209 434 1279 audit
455 1205 740 1278 matrimonium
764 1208 883 1292 ciuile,
921 1208 1054 1298 pariat
1075 1207 1385 1298 impedimentum

153 1315 351 1385 «iustitiae
372 1316 542 1406 publicae
565 1314 771 1385 honestatis
793 1353 816 1362 —
840 1316 1029 1401 rescripsit
1051 1353 1074 1362 -
1101 1315 1280 1404 Nepatioe
1291 1335 1308 1400 ;
1348 1321 1384 1385 et

153 1423 456 1493 «considendum
481 1424 610 1509 SSmo,
639 1428 681 1492 ut
703 1422 743 1494 id
766 1421 963 1493 declarare
986 1444 1033 1493 ac
1063 1427 1231 1492 statuere
1264 1423 1385 1514 dipne

154 1535 262 1600 «tar.
287 1570 310 1580 ·-
334 1535 568 1620 Quapropter
591 1533 735 1602 SSmus
760 1534 864 1601 Dnus
889 1538 1015 1601 noster
1049 1534 1126 1601 Leo
1162 1533 1263 1620 Papa
1298 1534 1384 1604 XIII

153 1641 313 1710 «audita
338 1641 511 1710 universa
538 1640 590 1710 rei
615 1640 792 1711 relatIone
809 1642 844 1708 in
862 1639 1048 1710 audientia
1066 1640 1135 1709 diei
1154 1644 1195 1709 17
1213 1642 1382 1712 eiusdem

153 1747 332 1815 «mensis
356 1749 392 1814 in
419 1753 502 1816 vota
527 1747 562 1816 S.
588 1748 624 1818 C.
649 1748 872 1834 concedens,
898 1766 964 1833 per
989 1766 1172 1834 praesens
1187 1748 1383 1818 decretum

153 1853 363 1937 «declarat.
387 1872 432 1923 ac
455 1854 590 1938 statuit,
616 1859 961 1941 praememoratum
986 1859 1135 1941 actum,
1172 1857 1235 1943 qui
1271 1857 1383 1946 vulgo

154 1959 326 2028 «dicitur
349 1961 628 2031 matrimonIum
652 1962 769 2047 civile,
806 1963 841 2029 in
879 1961 969 2030 locis
1007 1962 1067 2031 ubi
1103 1964 1384 2053 promulgatum

153 2072 246 2136 «est
268 2068 461 2137 decretum
486 2068 634 2137 Concilii
658 2069 860 2138 Tridentini
884 2087 974 2137 sess.
1007 2069 1146 2136 XXIV
1164 2089 1247 2159 cap.
1284 2076 1303 2140 1
1338 2072 1385 2144 de

154 2172 386 2264 «reformat.
410 2174 575 2264 matrim.
599 2177 679 2245 sive
701 2174 834 2245 fideles
866 2182 992 2247 actum
1028 2177 1152 2265 ipsum
1187 2181 1382 2266 explentes

154 2282 389 2368 «intendant,
416 2284 467 2353 uti
490 2303 558 2371 par
581 2289 647 2370 est,
673 2284 921 2370 (matrimonio
946 2284 1193 2355 ecclesiastico
1218 2287 1290 2355 iam
1318 2288 1383 2358 rite

155 2390 392 2476 «celebrato,
417 2391 475 2460 vel
500 2411 588 2461 cum
613 2392 740 2459 animo
776 2391 865 2461 illud
903 2394 1125 2479 quantocius
1159 2393 1384 2482 celebrandi)

154 2515 335 2566 «meram
358 2499 636 2568 caeremoniam
671 2499 818 2568 civilem
853 2516 1045 2586 peragere,
1081 2500 1161 2568 sive
1196 2501 1387 2573 intendant

155 2605 379 2691 «sponsalia
404 2605 451 2675 de
474 2603 599 2675 tuturo
623 2607 723 2692 inire,
748 2607 828 2675 slve
852 2607 1006 2676 tandem
1023 2625 1072 2675 ex
1089 2607 1306 2695 ignorantia,
1320 2617 1386 2680 aut

155 2714 224 2781 «in
249 2720 420 2801 spretum
443 2716 780 2787 ecclesusticorum
806 2714 931 2803 legum
973 2710 1164 2784 intendant
1199 2718 1386 2785 matrImo-

155 2821 292 2889 «nium
319 2822 367 2892 de
390 2824 576 2910 praesenti
600 2823 832 2907 contrahere,
868 2823 1178 2909 impedimentum
1214 2823 1385 2909 publicae

156 2928 393 2998 «honestatis
417 2948 492 2998 non
517 2930 735 3016 producere.
760 2932 888 3017 Atque
911 2930 958 3000 ita
986 2937 1087 2998 etc.»
1115 2929 1136 2995 ¹.

215 3039 272 3106 20.
299 3037 365 3106 His
384 3038 667 3125 quaestlonibus
679 3038 877 3125 absolutis,
906 3037 1091 3126 reliquum
1107 3044 1173 3124 est,
1191 3044 1231 3109 ut
1246 3041 1383 3130 aliquid

152 3144 296 3214 dicatur
320 3146 367 3214 de
389 3146 631 3232 sponsalibus
654 3144 804 3215 incertis
837 3164 883 3216 ac
907 3147 954 3215 de
979 3147 1221 3234 sponsalibus
1251 3157 1287 3219 et
1310 3169 1386 3223 ma·

151 3253 334 3322 trimoniis
349 3250 417 3322 sub
429 3252 637 3350 mnditione
652 3254 759 3339 initis,
774 3254 899 3341 quoad
916 3254 1074 3324 iustitiae
1090 3256 1262 3343 publicae
1274 3258 1388 3328 hone·

151 3363 256 3430 statis
280 3361 602 3448 impedimentum,
627 3361 751 3449 deque
776 3360 890 3434 buius
913 3362 1177 3450 perpetuitate.

218 3467 370 3537 Incerta
393 3469 518 3556 ltaque
542 3487 586 3538 ac
610 3467 905 3538 indeterminata
929 3471 1118 3556 sponsalia
1145 3472 1386 3559 Impedimen-

151 3580 230 3643 tum
256 3575 428 3662 publicae
453 3576 661 3646 honestatis
686 3595 761 3644 non
786 3578 945 3665 pariunt.
982 3578 1076 3646 HInc
1107 3580 1138 3647 si
1163 3581 1248 3667 quis
1272 3600 1306 3648 V.
1330 3601 1385 3669 gr.

152 3682 373 3769 promiserit,
386 3702 429 3753 se
442 3683 645 3753 ducturum
662 3703 779 3755 unam
793 3704 842 3754 ex
856 3684 1007 3754 filiabus
1019 3686 1105 3772 Caii,
1116 3693 1153 3756 et
1170 3687 1239 3757 hae
1253 3706 1386 3758 omnes

152 3791 421 3878 consenserim,
439 3791 583 3860 nullum
603 3793 689 3861 inde
708 3794 826 3862 oritur
843 3794 1049 3864 honestatis
1065 3794 1385 3883 impedimentum,

153 3915 241 3966 cum
266 3896 477 3967 Boniiacius
501 3898 675 3987 loquatur
698 3901 746 3969 de
762 3900 1005 3987 sponsalibus
1021 3899 1133 3970 certis
1157 3920 1203 3970 ac
1218 3903 1386 3972 determi-

153 4014 237 4075 nate
269 3993 369 4076 'InitIs
397 4004 419 4072 ².
457 4001 551 4087 Quia
584 4007 680 4076 sIcut
712 4008 995 4078 matrimonIum
1026 4008 1137 4088 debet
1171 4012 1383 4081 necessario

153 4110 233 4180 inici
256 4130 345 4181 oum
369 4113 613 4182 determinata
638 4132 811 4201 persona,
837 4116 884 4184 ito
903 4122 938 4184 et
954 4116 1153 4202 sponsalia,
1179 4130 1387 4204 quaesunt

153 4220 232 4288 elus
256 4220 398 4289 initium
427 4217 450 4287 ⁸.

218 4380 298 4439 lllx
319 4380 374 4439 cit.
399 4380 612 4458 Ephemeride,
637 4382 695 4440 ool.
726 4384 779 4441 13.
801 4399 880 4458 pap.
909 4382 987 4444 126.

217 4476 314 4538 lcii.
337 4496 405 4555 cap.
428 4480 508 4538 unic.
534 4479 803 4555 desponsalibus
827 4484 863 4539 ia
887 4481 919 4540 6.

218 4574 388 4654 ³PIrbinp
411 4577 465 4635 lib.
483 4577 514 4635 4.
540 4579 586 4635 u‘t.
610 4576 637 4636 1.
664 4596 699 4636 a.
715 4577 770 4637 37.
796 4582 933 4640 aotaud.
960 4580 990 4639 7.
1008 4612 1046 4626 -
1063 4583 1201 4641 Sanchez
1225 4585 1278 4641 lid.
1299 4585 1327 4642 1.
1347 4585 1386 4643 de

152 4676 298 4748 sponsal.
322 4674 406 4751 disp.
432 4674 489 4734 26.
515 4693 547 4732 a.
575 4675 605 4734 1.
630 4684 661 4734 et
683 4677 735 4736 lib.
762 4677 793 4736 7.
818 4679 901 4754 disp.
928 4678 983 4739 69.
1011 4700 1043 4738 a.
1076 4682 1102 4740 I.

232 4790 385 4834 Messanae.
402 4791 438 4833 lle
452 4791 664 4842 mpedimento.
1233 4859 1236 4863 Δ
1291 4797 1305 4838 5
