3509 5317
802 542 806 552 ,
888 542 925 555 -
950 490 1066 568 ioc-

367 650 406 715 ut
428 645 666 716 deveniretur
690 648 737 716 ad
761 647 922 717 alterum
947 664 1108 715 examen
1135 664 1202 732 per
1227 645 1324 715 duas
1342 651 1535 715 matronas
1560 645 1595 712 in

366 753 642 841 nuptialiopere
659 762 836 842 expertas
852 772 897 822 ac
915 753 1037 821 bonae
1053 751 1247 839 opinionis,
1266 757 1301 821 et
1317 751 1412 821 alios
1435 761 1596 840 quatuor

365 861 572 949 chirurgos,
597 862 661 949 qai
685 861 924 931 iureiurando
938 860 1110 943 adstricti,
1125 860 1325 930 accedente
1338 861 1496 948 septima
1514 878 1596 947 pro-

366 969 594 1056 pinquorum
619 989 746 1055 manu,
770 968 937 1038 similiter
961 987 1028 1055 per
1051 969 1330 1054 inspectionem,
1351 971 1475 1037 Rosae
1495 969 1597 1037 arcti·

367 1074 505 1145 tudinis
527 1076 836 1164 impedimentum
854 1082 1090 1163 perpetuam,
1105 1076 1310 1145 insanabile
1322 1095 1367 1145 ac
1380 1075 1594 1144 absolutum

366 1202 537 1253 consona
561 1203 652 1254 voce
676 1185 793 1255 testati
818 1189 916 1253 sunt.
932 1184 971 1252 ln
988 1184 1165 1253 omnibus
1178 1185 1279 1253 hisce
1296 1184 1439 1253 actibus
1459 1183 1597 1265 audit0,

367 1292 435 1360 sed
461 1293 687 1361 reclamante
711 1292 897 1375 Quesada,
924 1310 1045 1379 eoque
1069 1298 1193 1361 tamen
1219 1292 1255 1359 in
1279 1291 1359 1360 suis
1376 1291 1598 1379 probationi·

369 1398 441 1477 bus
464 1397 668 1484 deficiente,
693 1399 844 1468 devenit
857 1399 1030 1467 Vicarius
1040 1399 1086 1468 ad
1100 1399 1322 1468 sententiam
1336 1398 1383 1467 de
1396 1416 1496 1468 anno
1510 1399 1599 1466 1704
1727 1462 1728 1487 ,

350 1505 564 1595 prolatam,
597 1507 632 1573 in
664 1525 740 1593 quo
771 1507 976 1576 declaravit
1006 1505 1152 1575 nullum
1181 1518 1218 1575 et
1245 1505 1388 1575 irritum
1414 1506 1601 1574 matrimo
1644 1524 1646 1531 ·
1727 1492 1728 1511 ¹

369 1614 472 1682 nium
499 1613 592 1682 inter
617 1612 804 1698 praefatos
827 1632 994 1698 sponsos
1016 1618 1261 1698 contractum,
1293 1614 1342 1683 ob
1374 1618 1600 1700 perpetuum

369 1726 405 1788 et
427 1719 641 1790 ahsolutum
667 1721 977 1808 impedimentum
991 1720 1219 1791 arctitudinis
1237 1720 1446 1807 praedictae
1463 1723 1600 1805 Rosae,

370 1830 722 1916 separationemque
735 1848 801 1916 per
814 1848 899 1898 eam
913 1827 1080 1899 luctama
1101 1828 1273 1910 Quesada
1296 1829 1431 1918 vigere,
1446 1829 1602 1898 eisdem·

370 1955 444 2023 que
469 1945 667 2023 propterea
690 1935 846 2006 facultas
871 1936 1008 2006 indulta
1024 1935 1318 2006 laittranseandi
1334 1937 1379 2006 ad
1399 1936 1515 2006 alium
1532 1941 1602 2004 sto-

371 2052 451 2113 tam
475 2045 543 2113 sibl
567 2044 789 2113 benevisum
815 2045 918 2112 iaxta
943 2026 1076 2113 eor'am
1102 2045 1339 2114 habilitatem.
1373 2081 1396 2091 —
1419 2043 1603 2113 Adstanti·

370 2151 444 2219 bus
468 2151 635 2238 partibus
661 2151 747 2219 huic
770 2152 958 2236 decisioni,
975 2152 1164 2239 lapsisque
1177 2151 1359 2236 fatalibus,
1372 2151 1493 2221 dictus
1510 2154 1604 2232 Que-

370 2258 463 2327 sada
488 2259 535 2326 de
558 2277 657 2326 auno
683 2261 770 2329 1706
794 2260 841 2327 ad
866 2260 1056 2329 secundas
1080 2260 1229 2345 nuptias
1253 2261 1353 2329 iaxta
1376 2259 1412 2329 S.
1429 2259 1466 2328 C.
1479 2261 1519 2327 T.
1543 2260 1605 2328 de·

371 2371 473 2434 creta
495 2365 706 2434 convolavit
729 2384 816 2434 cum
841 2367 960 2435 Maria
993 2367 1148 2437 Antonia
1176 2367 1289 2436 Perez
1319 2366 1440 2454 puella
1473 2366 1619 2436 aetatis

371 2491 557 2541 annorum
585 2472 719 2559 viginti,
744 2491 793 2541 ex
817 2491 938 2560 eaque
952 2481 1035 2560 post
1055 2475 1273 2544 triennalem
1291 2475 1603 2544 cohabitationem

373 2581 517 2666 prolem
541 2579 706 2665 suscepit
728 2578 889 2650 subinde
913 2579 1186 2650 defunctam-
1210 2583 1276 2650 His
1303 2583 1348 2651 ita
1368 2581 1603 2668 praehabitis,

372 2688 553 2756 antedicta
567 2689 668 2756 Rosa
683 2688 775 2756 Fort.
788 2688 966 2776 grandior
978 2687 1119 2770 effecta,
1134 2709 1220 2759 cum
1236 2690 1396 2759 Antonio
1409 2689 1603 2771 XimeneS,

371 2795 444 2863 sub
468 2814 536 2881 spe
559 2794 786 2880 apostolicae
809 2794 1107 2883 dispensationis
1133 2797 1322 2884 sponsalia
1347 2797 1543 2883 contraxit,
1559 2813 1603 2865 ac

373 2920 515 2971 vesano
538 2921 670 2972 amore
683 2904 830 2990 percita,
845 2925 934 2974 cum
952 2906 1085 2975 eodem
1099 2905 1295 2975 carnaliter
1308 2904 1514 2975 commixta
1527 2901 1603 2989 luit

373 3011 585 3098 exindeque
611 3011 735 3080 institit
766 3030 896 3083 coram
929 3014 1133 3100 Episcopo,
1160 3018 1349 3101 qnatenus
1381 3013 1449 3081 sibi
1483 3012 1607 3081 liceret

374 3137 462 3186 cam
487 3118 669 3188 ximenes
693 3121 930 3189 matrimonio
955 3121 1066 3209 iungi.
1091 3121 1165 3191 Sed
1196 3140 1245 3191 ex
1273 3122 1434 3192 adverso
1466 3126 1607 3189 contra·

374 3224 518 3294 dicente
542 3234 757 3312 promotore
769 3225 897 3311 fiscali,
910 3233 1022 3315 atque
1034 3229 1203 3313 instante,
1218 3238 1258 3298 ut
1273 3234 1459 3316 quatenns
1482 3229 1607 3297 Rosae

375 3332 540 3418 aptitudo
553 3333 832 3419 comperiretur,
847 3354 930 3404 eam
946 3336 1211 3405 restituendam
1228 3335 1307 3405 fore
1320 3335 1495 3405 Pascasio
1517 3338 1608 3417 Que-

375 3438 467 3508 sada
499 3441 621 3525 primo
650 3440 740 3526 vir0,
766 3440 830 3510 luit
861 3443 1017 3529 proinde
1048 3444 1180 3512 eadem
1216 3443 1345 3514 tradita
1378 3442 1608 3531 inspicienda

375 3546 526 3616 duobus
548 3547 814 3619 Obstetricibus
837 3569 883 3619 ac
906 3561 1067 3639 quatuor
1090 3552 1289 3639 Chirurgis,
1314 3552 1378 3640 qui
1401 3571 1495 3622 sane
1516 3552 1608 3621 iura·

376 3664 503 3728 mento
527 3664 804 3743 asseverarunt
828 3659 967 3728 dictam
985 3662 1128 3728 Rosam
1153 3679 1239 3729 esse
1255 3659 1557 3748 cognoscibilem,
1574 3664 1608 3729 et

376 3766 423 3835 ad
449 3766 572 3835 viriles
596 3764 798 3852 amplexus
824 3772 952 3853 aptam
983 3768 1156 3853 inveniri;
1188 3787 1261 3855 qua
1299 3768 1347 3837 de
1374 3765 1607 3837 resecando

377 3874 502 3960 nuptis
525 3872 620 3947 facta
637 3873 851 3943 inhibitione
867 3875 994 3961 quoad
1011 3883 1136 3944 torum
1153 3883 1189 3944 et
1207 3894 1389 3961 mensam,
1406 3875 1525 3944 Maria
1539 3879 1609 3943 An·

376 3982 474 4051 tonia
500 3982 639 4067 (Perez)
666 3982 826 4068 reposita
851 3983 965 4051 estin
991 3982 1105 4052 domo
1131 3984 1297 4052 honesta.
1321 3981 1608 4051 -Nihilominus

378 4092 498 4160 renuit
522 4090 693 4172 Quesada
720 4091 842 4161 redire
865 4092 914 4160 ad
939 4094 1092 4178 Rosam,
1110 4101 1190 4160 turn
1214 4068 1302 4180 t'ruia
1326 4091 1375 4161 ab
1399 4111 1442 4161 ea
1467 4090 1534 4162 luit
1556 4112 1609 4162 se

378 4204 531 4284 paratus
554 4198 712 4268 iudiciali
736 4199 930 4285 sententia,
960 4207 1038 4268 tum
1064 4200 1201 4286 pariter
1230 4200 1280 4268 ob
1311 4200 1466 4269 honoris
1495 4201 1606 4289 leges

379 4323 476 4390 quae
501 4323 574 4373 non
600 4305 735 4391 sinunt,
762 4305 887 4392 ipsum
911 4307 1148 4395 coniugalem
1162 4308 1273 4375 vitam
1291 4304 1431 4375 ducere
1447 4325 1535 4376 cum
1553 4326 1606 4389 ea,

379 4428 477 4498 quae
493 4410 1005 4481 carnalemcommixtionem
1018 4413 1169 4482 admisit
1183 4431 1272 4482 cum
1285 4412 1467 4481 Ximenes
1483 4431 1608 4500 quem·

378 4516 588 4586 admodum
611 4535 701 4603 pars
727 4516 879 4587 viciniae
904 4529 940 4587 et
962 4520 1113 4606 ipsimet
1133 4526 1264 4608 sponsi
1287 4520 1407 4589 testati
1431 4518 1606 4607 suntsed

379 4625 502 4712 potius
526 4641 611 4692 esse
635 4623 755 4692 eidem
781 4625 1050 4695 restituendam
1075 4628 1232 4697 Mariam
1262 4626 1464 4697 Antoniam
1495 4628 1606 4696 Perez
