3509 5317
871 485 991 547 ...190
1013 514 1050 528 -

346 622 561 693 -Ceterum
587 643 676 696 cum
700 626 748 696 de
771 625 1038 715 impedimento
1061 624 1416 715 consanguineitatis
1439 621 1571 710 agitur,

346 731 377 799 si
401 729 531 815 plures
555 752 714 804 numero
738 738 851 805 testes
870 736 1069 823 propinqui
1093 740 1129 805 et
1152 734 1273 819 idonei
1296 733 1575 823 consanguinei-

346 845 457 911 tatem
490 842 624 911 adesse
652 848 805 931 negent,
829 851 942 933 atque
970 843 1006 913 id
1037 845 1072 912 in
1097 844 1231 914 iudicio
1263 848 1462 928 testentur,
1487 841 1574 929 ipsis

347 949 467 1037 magis
490 948 722 1019 credendum
746 956 812 1037 est,
837 970 953 1040 quam
977 952 1058 1022 aliis
1074 951 1459 1039 consanguineitatem
1485 951 1573 1018 inter

345 1056 607 1125 contrahentes
620 1057 901 1128 matrimonium
913 1059 1050 1129 adesse
1067 1059 1351 1143 affirmantibus„
1365 1063 1403 1129 at
1416 1073 1573 1126 numero

344 1164 585 1249 paucioribus
609 1171 644 1234 et
667 1165 793 1236 minus
810 1166 954 1237 idoneis
971 1165 994 1234 ¹.

412 1272 469 1339 Ex
494 1271 702 1342 bisantem
733 1274 910 1343 omnibus
940 1273 1028 1343 illud
1062 1274 1153 1343 iuris
1183 1273 1405 1361 principium
1436 1274 1573 1344 elucet:

353 1378 475 1448 Teates
499 1399 573 1448 non
596 1384 685 1449 aunt
708 1379 949 1465 numerandi,
968 1380 1035 1450 sed
1055 1380 1305 1470 ponderandr'.

362 1579 365 1585 Ι
413 1490 466 1556 13.
485 1489 541 1563 De
559 1485 705 1556 testum
721 1485 910 1573 citatione,
926 1487 1185 1576 productione,
1204 1486 1416 1557 iuramento
1433 1492 1471 1557 et
1485 1508 1576 1557 aaa·

344 1613 452 1663 mine.

412 1704 542 1773 Testes
566 1704 628 1790 qui
645 1703 692 1772 ad
711 1704 951 1792 probandum
966 1705 1200 1790 adhibentur,
1225 1709 1314 1773 suut
1337 1706 1371 1771 in
1397 1703 1574 1772 iudicium

345 1809 585 1896 producendi,
611 1811 706 1880 datis
723 1811 823 1898 apud
841 1818 926 1882 acta
941 1830 1075 1881 eorum
1091 1811 1315 1895 nominibus,
1330 1810 1388 1879 vel
1406 1810 1575 1897 allegatis

345 1936 477 1987 eorum
501 1919 843 1988 extraiudicialibus
858 1920 1089 1989 testimoniis.
1114 1918 1307 1989 Ordinatio
1329 1926 1407 1987 tres
1428 1924 1574 1987 tantum

345 2027 491 2094 testium
527 2026 791 2113 productiones
820 2026 899 2097 lieri
930 2034 966 2097 et
996 2028 1136 2097 admitti
1161 2036 1336 2113 possunt:
1368 2034 1501 2115 quarta
1527 2046 1575 2097 ex

344 2135 437 2203 iusta
468 2152 583 2204 causa
613 2141 762 2203 etcum
794 2134 899 2223 legali
934 2134 1168 2206 solemnitate
1200 2134 1455 2219 conceditur².
1481 2137 1571 2206 ltem

344 2241 562 2329 regulariter
585 2242 687 2311 citari
710 2247 746 2310 et
769 2242 917 2312 evocari
934 2244 1073 2313 debent
1093 2249 1223 2330 testes;
1247 2243 1360 2332 idque
1384 2246 1574 2314 hodiernis

345 2349 514 2418 moribus
537 2349 660 2418 officio
683 2350 814 2421 iudicis
838 2350 888 2419 tlt.
1401 2336 1404 2341 ’

338 2537 342 2545 ,
411 2460 448 2528 Si
470 2463 581 2529 testes
597 2460 764 2547 producti
782 2459 923 2529 alienae
940 2459 1013 2528 sint
1028 2459 1297 2545 iurisdictionis,
1314 2460 1346 2528 is
1361 2460 1426 2547 qui
1438 2462 1573 2531 iudicio

344 2571 508 2652 praeest,
533 2565 643 2635 debet
666 2566 898 2636 ordinarium
923 2566 1084 2636 iudicem
1117 2567 1265 2636 testium
1296 2574 1575 2653 competentem

344 2693 411 2761 per
435 2674 559 2744 literas
590 2675 797 2762 requirere,
829 2680 869 2744 ut
899 2694 967 2745 eos
989 2676 1036 2744 ad
1069 2694 1111 2745 se
1134 2694 1203 2744 seu
1227 2675 1273 2743 ad
1307 2674 1433 2744 locum
1458 2675 1575 2744 mittat

343 2779 474 2850 iudicii.
499 2784 574 2851 Eos
590 2783 687 2851 enim
706 2783 820 2851 citare
835 2783 964 2870 nequit
979 2773 1117 2871 quippe
1134 2800 1209 2852 non
1226 2782 1408 2852 subditos.
1424 2818 1453 2859 -,
1465 2781 1572 2863 Quod

344 2889 376 2957 ei
400 2891 504 2976 gravi
528 2890 652 2977 aliqua
677 2910 727 2960 ex
742 2910 855 2960 causa
885 2892 942 2961 vel
966 2891 1231 2978 impedimento
1255 2895 1370 2961 testes
1392 2889 1572 2961 accedere

343 3002 532 3086 nequeant
547 2997 594 3067 ad
612 2998 736 3067 locum
755 2999 886 3084 iudicii,
904 2999 977 3070 boo
1000 2999 1034 3066 in
1059 3016 1150 3069 casu
1175 3019 1198 3069 a
1223 2998 1460 3069 moderatore
1480 3005 1574 3067 acto

344 3124 427 3174 rum
455 3105 490 3171 in
507 3104 633 3173 causis
649 3106 988 3176 matrimonialibus
1003 3094 1176 3177 accurata
1197 3105 1262 3176 liat
1277 3106 1447 3175 omnium
1464 3103 1573 3174 iacto

283 3228 288 3235 ·
343 3231 429 3281 rum
454 3231 499 3282 ao
514 3214 880 3283 circumstantiarum
905 3215 1097 3301 expositio,
1114 3215 1161 3284 de
1178 3213 1316 3303 quibus
1336 3211 1571 3283 confirmatio

243 3326 246 3333 ’
343 3320 551 3405 requiritur,
575 3321 882 3409 concinnatisque
906 3322 1256 3409 interrogationibus
1278 3320 1511 3408 opportunis
1528 3336 1573 3388 ac

343 3427 504 3513 denique
526 3430 675 3497 testium
694 3430 872 3516 expositis
896 3431 1113 3499 nominibus
1135 3429 1184 3499 ad
1200 3428 1440 3499 Ordinarium
1458 3428 1572 3496 mitta·

343 3537 402 3601 tur
419 3532 488 3603 loci
505 3535 540 3603 in
557 3555 633 3623 quo
650 3554 835 3623 personae
850 3537 1026 3609 iuridicae
1050 3537 1259 3608 audiendae
1274 3539 1570 3617 commorantur,

343 3642 406 3729 qui
429 3662 523 3713 suae
547 3644 679 3715 Curiae
703 3647 918 3733 praecipere
942 3644 1079 3725 faveat,
1105 3651 1146 3714 ut
1167 3650 1281 3715 testes
1308 3642 1572 3714 examinentur

333 3743 445 3819 'iuxta
470 3751 577 3820 datas
600 3752 917 3847 interrogationes.
932 3790 956 3803 -
979 3752 1198 3822 Ordinarlus
1221 3757 1349 3821 autem
1369 3750 1416 3820 ita
1434 3749 1472 3818 in
1487 3749 1573 3818 sub

341 3855 479 3925 sidium
504 3857 552 3927 ad
578 3848 801 3928 matrimonii
817 3861 897 3928 iura
922 3858 1111 3929 servanda
1130 3863 1295 3948 rogatus
1318 3856 1470 3927 toetium
1487 3874 1571 3926 exa·

343 3980 430 4032 men
447 3962 548 4034 iuxta
566 3967 846 4055 praesignatum
863 3966 1032 4036 ordinem
1051 3966 1237 4051 suscipiat,
1254 3983 1341 4034 cum
1359 3964 1567 4033 assistentia

342 4068 545 4140 defensoris
574 4074 815 4160 matrimonii,
840 4081 953 4163 atque
983 4081 1176 4162 susceptas
1199 4073 1350 4143 testium
1379 4072 1569 4142 iudiciales

411 4407 421 4443 ¹
443 4406 491 4465 Ex
511 4424 578 4483 cap.
603 4425 680 4465 cum
704 4410 741 4465 io
763 4416 821 4465 tuo
843 4406 899 4477 44,
920 4408 961 4467 de
982 4410 1114 4467 testibus
1137 4416 1168 4466 et
1187 4408 1463 4468 attestationibus.

408 4502 516 4580 2(ἷειρ.
541 4507 578 4560 ia
599 4508 712 4562 carteia
739 4505 791 4565 15.
815 4506 919 4565 iuncto
941 4522 1013 4581 cap.
1038 4506 1130 4562 littra
1152 4503 1207 4572 55,
1229 4505 1269 4563 de
1299 4504 1433 4563 testibus
1463 4512 1496 4563 et
1523 4511 1569 4561 at·

342 4608 445 4659 testot.
470 4632 486 4643 -
509 4602 546 4659 V.
571 4602 757 4662 Laurenium
781 4604 800 4659 l.
823 4621 851 4661 e.
874 4619 947 4678 cap.
970 4601 1003 4660 4.
1027 4609 1152 4678 quaest.
1177 4600 1246 4658 615
1267 4605 1300 4662 et
1322 4599 1403 4661 617.
1518 4652 1521 4658 .
