3509 5317
704 521 861 580 ..33-

162 660 278 741 parte,
304 655 426 742 stipite
450 657 613 743 dempto.
638 657 730 726 Tota
748 656 847 726 enim
864 661 901 725 et
916 655 1123 742 adaequata
1141 655 1231 725 ratio
1248 656 1400 725 coniun-

163 763 296 833 ctionis
321 763 457 833 harum
481 782 733 851 personarum
749 765 842 834 inter
865 783 908 834 se
923 771 980 834 est
997 763 1083 832 unio
1100 780 1188 832 cum
1204 764 1398 833 communi

162 870 296 959 stipite.

240 977 364 1047 Tertia
388 977 538 1065 repnla:
564 980 604 1047 In
623 979 717 1050 linea
744 983 965 1048 transversa
988 976 1192 1066 inaequali,
1212 985 1265 1048 tot
1278 979 1398 1068 gradi·

165 1083 240 1154 bus
263 1104 366 1155 unus
389 1086 493 1156 alteri
516 1087 755 1175 coniungitur
778 1087 837 1156 vel
861 1087 911 1156 ab
934 1105 979 1156 eo
1014 1085 1134 1170 distat,
1159 1091 1251 1173 quot
1280 1087 1400 1174 gradi·

163 1191 238 1261 hus
270 1211 291 1262 a
316 1194 509 1263 communi
541 1194 661 1281 stipite
689 1194 800 1263 distat
823 1196 854 1263 is
878 1194 942 1281 qui
976 1198 1032 1263 est
1063 1194 1239 1274 remotior
1264 1192 1292 1278 ι;
1316 1213 1395 1280 seu,

163 1304 217 1368 tot
238 1304 329 1368 sunt
351 1302 502 1387 gradus,
528 1308 620 1389 quot
641 1319 827 1388 personae
843 1301 880 1369 in
897 1305 1002 1387 parte
1020 1300 1227 1385 remotiore,
1246 1318 1398 1387 semper

161 1405 284 1492 stipite
307 1408 459 1494 dempto
484 1404 506 1475 ².

229 1515 330 1584 4..In
355 1515 535 1603 gradibus
558 1516 805 1585 numerandis
829 1520 953 1584 rectae
978 1515 1097 1584 lineae
1116 1519 1196 1584 tum
1213 1515 1274 1583 ius
1290 1534 1398 1585 cano·

164 1621 292 1689 nicum
318 1626 398 1690 tum
421 1620 528 1691 civile
544 1623 703 1692 eandem
721 1627 847 1692 tenent
862 1619 1045 1710 regulam,
1063 1638 1200 1706 nempe
1212 1627 1396 1709 penerata

158 1745 331 1816 persona
351 1726 517 1817 gradem
541 1726 668 1797 adiicit
685 1727 707 1815 ⁸,
732 1728 812 1797 sive
839 1732 893 1798 tot
916 1736 1005 1796 sunt
1020 1727 1174 1816 gradus,
1202 1737 1294 1813 quot
1318 1746 1397 1814 per·

160 1852 291 1921 sonae,
316 1834 470 1922 dempto
493 1836 623 1924 stipite.
649 1873 671 1886 -
695 1839 743 1905 At
765 1836 800 1903 in
818 1835 1065 1906 numerandis
1081 1834 1261 1923 gradibus
1278 1831 1396 1903 lineae

164 1944 424 2028 transuersae,
451 1943 521 2014 alia
546 1949 603 2013 est
625 1943 715 2012 iuris
738 1943 865 2030 civilis,
891 1954 927 2012 et
950 1943 1019 2012 alia
1045 1943 1212 2013 canonici
1236 1944 1326 2012 iuris
1342 1961 1397 2013 ra·

162 2048 222 2118 tio.
248 2049 345 2119 Nam
360 2049 419 2117 ius
435 2049 540 2119 civile
552 2050 696 2120 subiicit
708 2051 840 2121 iisdem
855 2051 1001 2138 legibus
1014 2058 1050 2120 et
1065 2055 1206 2120 rectam
1223 2057 1259 2120 et
1276 2057 1394 2120 trans·

163 2172 316 2225 versam
342 2155 496 2244 lineam;
522 2165 557 2227 et
581 2157 664 2226 ideo
680 2157 806 2227 lateris
830 2159 1309 2246 utriusquegenerationes
1332 2178 1397 2227 nu·

162 2266 292 2330 marat
318 2262 421 2332 Haec
444 2262 585 2350 gradus
608 2263 849 2352 computandi
874 2265 967 2333 ratio
991 2263 1116 2333 adhuc
1140 2282 1214 2332 usu
1239 2264 1336 2352 viget
1357 2264 1394 2332 in

162 2365 328 2436 &etesia
357 2368 532 2439 orientali
553 2369 582 2458 ⁴;
608 2378 643 2440 et
665 2373 749 2442 ideo
780 2372 882 2458 apud
907 2389 992 2441 eam
1016 2368 1150 2440 iratres
1174 2377 1209 2441 et
1231 2389 1393 2458 sorores,

161 2491 250 2542 cum
275 2475 375 2545 duae
398 2476 470 2547 sint
494 2495 690 2565 personae,
707 2480 744 2548 in
767 2478 935 2548 secundo
959 2476 1082 2568 gradu
1105 2497 1191 2548 esse
1208 2479 1394 2564 dicuntur,

161 2583 354 2668 patrueles
376 2589 413 2655 et
435 2586 648 2654 consobrini
672 2586 709 2655 in
733 2588 854 2673 gradu
878 2595 1022 2674 quarte,
1048 2586 1188 2655 sobrini
1212 2586 1249 2653 in
1273 2586 1395 2675 gradu

159 2695 281 2776 sexto,
299 2690 540 2762 sobrinarum
555 2690 618 2760 fllii
630 2693 666 2760 in
679 2692 953 2780 graduoctavo.
969 2694 1008 2761 ln
1026 2694 1124 2763 linea
1136 2699 1263 2763 autem
1279 2698 1395 2763 trans·

160 2816 273 2868 versa
297 2796 491 2887 inaequali
512 2805 671 2887 patruus
695 2819 740 2870 ac
762 2819 882 2888 nepos
906 2820 956 2871 ex
978 2798 1091 2870 tratre
1118 2806 1209 2870 sunt
1224 2802 1260 2869 in
1286 2801 1393 2871 tertio

159 2907 293 2996 gradu,
319 2909 405 2995 quia
430 2913 506 2977 tres
528 2915 714 2994 personae
730 2914 766 2975 et
779 2909 1137 2995 'tres'generationes
1157 2909 1328 2978 diversae
1345 2908 1396 2975 in·

161 3005 383 3102 tercurrun't,
401 3021 437 3084 et
452 3007 507 3084 sic
522 3014 710 3101 deinceps.
727 3015 813 3083 -nt
828 3019 918 3083 vero
936 3015 1038 3084 iuxta
1056 3016 1277 3084 canonicam
1294 3023 1395 3084 com·

159 3121 393 3208 putationem
416 3120 549 3191 iratres
573 3127 609 3191 et
631 3139 784 3191 sorores
799 3127 888 3191 sunt
905 3123 940 3188 in
962 3119 1084 3208 primo
1101 3121 1232 3210 gradu,
1250 3127 1395 3208 patrue·

161 3228 216 3298 les
240 3235 277 3298 et
299 3228 512 3298 consobrini
546 3230 582 3296 in
617 3229 802 3316 secundm
826 3229 913 3317 item
949 3236 1108 3318 patruus
1132 3246 1177 3297 ac
1200 3246 1320 3314 nepos
1344 3246 1393 3296 ex

160 3335 274 3407 fratre
297 3338 445 3408 suntin
480 3338 647 3406 secundo
679 3336 1010 3424 consanguinitatis
1033 3336 1154 3424 gradu
1189 3335 1391 3423 attingente

161 3447 337 3534 primum;
362 3446 475 3515 etsie
505 3445 553 3514 de
576 3447 719 3516 ceteris.
755 3446 983 3535 canonicam
1008 3463 1121 3531 porro
1153 3443 1394 3530 computatio-

160 3573 247 3624 nem
274 3554 384 3624 latina
410 3560 508 3623 tenet
531 3553 694 3624 Ecclesia
720 3553 832 3621 etiam
848 3571 899 3621 ex
922 3550 1215 3638 praescriptione
1231 3550 1392 3619 Alexan·

162 3660 217 3730 dri
243 3661 284 3748 il,
309 3660 372 3748 qui
395 3679 480 3729 eam
506 3662 646 3730 iamdiu
670 3661 705 3729 in
731 3660 1021 3730 ecclesiasticam
1046 3659 1279 3746 disciplinam
1296 3660 1395 3728 inve

161 3765 260 3839 ctam
284 3768 470 3856 supponit,
494 3769 544 3837 ita
567 3775 606 3838 ut
628 3766 841 3856 inanditnrn
865 3780 902 3838 et
924 3785 1063 3835 neurim
1091 3773 1199 3836 vocet
1222 3785 1390 3837 errorem

161 3873 396 3963 illorum-qui
421 3893 625 3962 germanos
647 3867 781 3945 fratres
804 3875 840 3942 in
866 3874 1032 3944 secunda
1054 3874 1292 3962 generatione
1308 3893 1393 3944 esse

228 4044 428 4123 ¹Desumpta
449 4051 498 4106 est
519 4047 594 4106 haec
615 4047 725 4124 regula
740 4064 860 4123 excep
885 4050 946 4123 fin
972 4044 1003 4105 9
1027 4047 1067 4106 de
1088 4048 1391 4121 consanguinitate,

159 4159 238 4218 quae
258 4147 308 4202 est
328 4142 494 4203 decretalis
516 4144 670 4220 Gregorii
682 4144 737 4203 IX.

227 4238 241 4288 ²-
261 4241 359 4306 Plura
379 4258 418 4299 ex
440 4242 541 4301 tribus
556 4242 639 4301 hisce
654 4243 773 4319 regulis
787 4242 929 4318 exempla
944 4201 1094 4318 graduum
1112 4241 1392 4319 consanguinitatis

161 4336 314 4398 habentur
335 4338 450 4414 passim
471 4340 550 4417 apud
571 4341 697 4417 theolog
678 4344 784 4400 ‹roset
806 4340 1012 4417 iurisperitos.
1038 4339 1107 4414 Cfr.
1136 4343 1189 4400 eit.
1217 4341 1277 4398 ΛΑ

228 4434 334 4510 ³57.
359 4435 442 4495 [nst.
467 4436 513 4495 De
533 4438 663 4511 pradia.
686 4445 813 4514 coenat.
873 4490 877 4497 .
1020 4495 1023 4501 .

227 4533 240 4570 ⁴
260 4534 520 4613 PappSzrlegyr
545 4533 805 4595 lilncltiridion
792 4538 889 4595 laris·
900 4537 1069 4595 Ecclesiae
1089 4498 1264 4605 orientalis
1285 4539 1394 4598 catho-

163 4632 256 4700 licae,
274 4641 363 4710 part.
386 4636 421 4694 2.
446 4634 465 4709 5
490 4634 566 4693 106.

215 4764 366 4809 Mensam.
382 4766 418 4808 Dc
432 4767 643 4817 Jnmeatmentn.
1326 4767 1339 4809 3
