3509 5317
887 522 1065 584 ..430-

360 658 552 746 pollerent,
577 678 625 730 an
650 660 713 748 qui
738 660 813 729 vim
844 665 1036 731 metumve
1061 663 1164 749 passi
1179 668 1276 750 sunt,
1293 663 1512 735 nullatenus
1534 667 1596 736 iis·

360 766 446 837 dem
478 767 631 836 subiecti
662 765 818 855 luerint,
849 787 948 856 quae
979 769 1072 838 ratio
1106 769 1164 838 vis
1199 769 1422 857 inferendae,
1453 790 1595 861 magna

360 892 408 943 ne
432 894 480 944 ex
499 875 733 946 matrimonio
751 878 925 965 propriae
940 878 1069 948 domui
1086 876 1222 948 utilitas
1238 885 1304 950 aut
1318 879 1437 949 decus
1457 877 1597 949 obven-

359 984 514 1051 turuml
538 1001 637 1072 quae
661 984 806 1055 indoles
823 984 898 1052 vim
925 984 1178 1073 inferentium,
1203 1006 1302 1074 quae
1325 988 1503 1072 conditi0‚
1528 988 1594 1076 qui

360 1108 510 1179 mores,
534 1112 608 1180 qua
633 1092 774 1162 ratione
798 1089 974 1163 familiam
1004 1110 1136 1182 regere
1159 1094 1438 1182 consueverint3
1464 1105 1596 1165 utrum

360 1201 407 1273 ad
431 1200 662 1270 iracundiam
689 1209 725 1270 et
744 1197 959 1294 violentiam
984 1200 1029 1270 ita
1054 1208 1182 1271 essent
1205 1200 1401 1289 proclives,
1429 1207 1470 1271 ut
1487 1201 1597 1275 facile

360 1309 462 1397 quod
486 1308 738 1395 minabantur,
764 1304 1002 1395 perficerent,
1035 1313 1071 1377 et
1099 1310 1226 1378 animo
1256 1308 1304 1378 ita
1336 1315 1465 1377 essent
1497 1310 1598 1379 duro

360 1423 471 1506 atine
495 1416 689 1502 obstinato,
714 1421 755 1487 ut
778 1434 801 1484 a
825 1415 974 1485 nemine
1002 1415 1072 1485 sibi
1102 1417 1303 1487 contradici
1333 1423 1399 1488 aut
1427 1417 1596 1490 consiliis

360 1526 440 1595 suis
463 1524 727 1621 impedimenta
752 1523 858 1594 obiici
884 1530 1110 1612 paterentur.

428 1632 557 1714 Quoad
582 1631 731 1702 tertium
758 1632 851 1701 ratio
875 1632 1047 1702 habenda
1074 1632 1142 1702 erit
1172 1634 1337 1720 primum
1361 1653 1483 1703 sexus
1511 1653 1599 1722 per-

360 1758 486 1826 sonae,
504 1758 602 1826 quae
621 1737 831 1808 violentiam
857 1759 969 1826 passa
988 1739 1139 1816 dicitur:
1163 1736 1308 1810 facilius
1323 1741 1424 1810 enim
1440 1741 1598 1810 animus

361 1847 507 1935 puellae
530 1852 800 1935 commovetur,
825 1867 940 1935 quam
968 1848 1056 1916 viri:
1080 1847 1215 1919 deinde
1244 1850 1385 1935 aetatis,
1410 1850 1600 1920 educatio-

362 1955 431 2038 nis,
456 1954 599 2039 indolis,
628 1961 754 2023 utrum
784 1973 923 2040 nempe
939 1955 1036 2025 mitis
1058 1973 1103 2025 ac
1127 1955 1250 2025 timida
1276 1955 1393 2042 luerit,
1418 1975 1467 2026 an
1491 1954 1599 2027 fortis

361 2076 396 2133 el
408 2067 602 2147 constans3
621 2082 695 2151 qua
708 2063 895 2132 rationein
909 2060 1043 2133 familia
1060 2066 1184 2134 vivere
1203 2067 1450 2149 consueverit,
1464 2073 1595 2136 utrum

361 2171 433 2240 sub
459 2169 627 2239 custodia
652 2175 688 2239 et
712 2170 894 2258 vigilantia
927 2176 1138 2257 parentum,
1161 2171 1208 2241 ita
1235 2178 1274 2242 ut
1296 2173 1345 2244 ab
1368 2190 1504 2242 eorum
1529 2177 1597 2243 im·

359 2278 462 2364 perio
485 2295 638 2363 semper
662 2282 698 2346 et
721 2277 757 2344 in
782 2278 960 2372 omnihus
985 2279 1172 2363 penderet,
1197 2297 1246 2348 an
1270 2279 1392 2367 aliqua
1429 2280 1597 2352 libertate

360 2383 553 2471 frueretur,
580 2390 619 2454 ut
634 2390 670 2454 et
684 2385 834 2473 propria
852 2404 963 2455 sensa
983 2405 1184 2474 exponere,
1209 2392 1245 2455 et
1268 2386 1369 2456 iuxta
1400 2388 1593 2474 propriam

360 2494 591 2563 voluntatem
625 2493 773 2581 operari
803 2495 979 2580 potuerit3
1011 2513 1059 2563 an
1085 2502 1260 2581 parentes
1285 2494 1331 2565 ita
1357 2513 1441 2565 eam
1471 2514 1596 2581 segre

360 2601 491 2689 garint,
518 2606 557 2669 ut
575 2602 700 2669 omnis
716 2601 856 2670 consilii
875 2601 1073 2688 expetendi
1094 2599 1250 2671 facultas
1269 2599 1389 2672 eidem
1415 2603 1593 2692 adempta

361 2707 479 2794 luerit,
504 2728 573 2778 nec
596 2699 773 2797 cuiquam
807 2708 974 2778 eiusdem
1008 2708 1256 2796 alloquendae
1282 2711 1429 2796 copiam
1461 2711 1595 2781 tribue·

360 2818 441 2902 rint,
467 2817 537 2885 nisi
560 2836 658 2904 quos
682 2817 729 2886 de
762 2816 999 2886 matrimonio
1033 2816 1196 2886 ineundo
1225 2816 1376 2887 consilia
1410 2820 1593 2905 praebere

360 2942 473 3010 posse
498 2925 749 2994 iudicaverint.

426 3034 482 3100 37.
509 3032 659 3101 Praeter
686 3032 754 3101 ista
782 3032 1044 3120 inquirendum
1078 3033 1155 3118 erit,
1189 3039 1314 3101 utrum
1340 3033 1402 3120 qui
1429 3032 1478 3101 de
1495 3033 1590 3103 illata

363 3139 396 3208 vi
412 3129 662 3227 conqueritur,
679 3139 881 3227 aliquando
899 3138 1116 3209 relationem
1133 3140 1307 3209 habuerit
1321 3158 1409 3208 cum
1427 3158 1484 3225 ec,
1501 3157 1589 3210 cum

361 3264 436 3334 quo
461 3251 589 3333 postea
615 3247 821 3333 contraxit;
845 3253 881 3317 et
905 3252 1030 3316 utrum
1048 3246 1248 3335 aliquando
1273 3247 1507 3335 propositum
1532 3248 1593 3316 ha·

360 3354 481 3423 buerit
504 3371 591 3422 cum
615 3350 748 3424 eodem
773 3353 1027 3424 contrahendi.
1052 3355 1091 3421 in
1117 3372 1208 3422 casu
1226 3352 1450 3423 affirmativo
1477 3354 1589 3443 inqui·

361 3460 533 3548 rendum,
558 3480 657 3551 quas
680 3462 729 3529 ob
753 3480 893 3531 causas
918 3462 1117 3531 voluntatis
1146 3461 1300 3531 mutatio
1331 3461 1590 3550 contigerit;a

360 3589 436 3657 quo
460 3574 629 3655 tempore
654 3568 850 3638 consilium
876 3567 984 3637 inerit
1000 3575 1195 3655 mutatum,
1220 3574 1347 3638 utrum
1372 3587 1513 3658 nempe
1529 3589 1590 3640 an·

360 3682 511 3765 tequam
538 3682 712 3764 parentes
728 3677 918 3763 propriam
939 3675 1166 3746 voluntatem
1192 3670 1438 3762 ostenderent,
1457 3696 1505 3747 an
1530 3697 1587 3765 po

361 3792 456 3873 stea;
481 3790 517 3855 et
540 3795 665 3855 utrum
692 3805 741 3854 ex
774 3785 1010 3872 praecedenti
1034 3785 1211 3854 relatione
1234 3786 1360 3874 aliqua
1382 3793 1513 3857 exorta
1543 3788 1587 3855 sit

359 3893 524 3979 suspicio
548 3902 678 3961 contra
702 3892 877 3963 decorem
898 3893 955 3961 vel
980 3893 1099 3980 ipsius
1124 3912 1308 3981 personae
1332 3893 1389 3962 vel
1416 3891 1587 3979 familiae,

360 4019 477 4087 aqua
500 4006 675 4087 parentes
699 4000 839 4097 moveri
858 4001 1043 4085 potuerint
1067 4001 1113 4070 ad
1135 4001 1412 4070 matrimonium
1438 4003 1587 4089 exigen-

360 4107 462 4188 dum,
489 4115 682 4194 tamquam
707 4107 916 4176 remedium
935 4109 1055 4178 bonae
1078 4106 1201 4177 lamae
1225 4108 1518 4195 recuperandae.
1534 4110 1587 4177 Et·

360 4216 433 4286 iam
466 4215 779 4302 investigandum,
804 4216 892 4303 quid
923 4216 1016 4288 haec
1047 4234 1223 4303 persona·
1240 4213 1373 4298 fecerit
1400 4222 1439 4284 ut
1463 4236 1484 4285 a
1509 4234 1587 4285 coa·

360 4325 478 4394 ctione
502 4328 700 4411 parentum
725 4342 811 4394 sese
837 4324 1025 4394 liberaret:
1053 4329 1177 4392 utrum
1204 4341 1335 4410 preces
1358 4322 1585 4408 adhibuerit3

362 4437 485 4501 utrum
513 4451 580 4501 usa
606 4429 715 4501 fuerit
741 4449 854 4517 opera
881 4430 1041 4501 aliorum
1074 4430 1121 4503 ad
1153 4437 1328 4518 parentes
1351 4450 1373 4501 a
1397 4432 1585 4518 proposito

361 4538 626 4626 dimovendos3
651 4547 776 4608 ulrum
802 4545 837 4609 et
860 4538 1052 4626 quomodo
1075 4539 1266 4626 propriam
1293 4539 1530 4608 aversionem
1554 4545 1587 4607 et

360 4645 660 4715 contrarietatem
684 4646 720 4713 in
746 4645 834 4714 illud
853 4645 1133 4716 matrimonium
1157 4643 1437 4734 significaverit;
1464 4651 1585 4715 utrum
