3509 5317
1377 512 1734 573 -275—

329 667 580 720 causa.
652 650 873 738 Atqui
939 669 1074 738 per
1138 668 1432 720 moram
1498 650 1909 739 quamlibet
1954 649 2115 719 solo
2165 650 2467 719 rurandi
2532 650 2781 720 animm

326 755 616 825 nullum
690 755 1410 844 quasi-domicilium
1481 757 1763 846 acquiri
1833 761 1905 825 et
1970 763 2514 844 consequenter
2580 774 2785 843 paro-

325 862 559 930 chum
607 863 936 934 ruralem
986 880 1135 931 non
1184 881 1357 932 esse
1399 862 1831 952 proprium,
1886 863 2165 933 iamdiu
2235 864 2323 932 H.
2359 863 2431 932 S.
2465 862 2538 932 C.
2590 864 2781 932 lucu-

325 968 730 1038 lentissime
778 969 1294 1041 declaraverat
1339 971 1457 1040 die
1505 973 1539 1038 1
1593 968 1930 1039 decemb.
1983 972 2159 1040 1640
2218 971 2421 1041 hisce
2494 972 2781 1040 verbis:

327 1097 365 1140 «ι
396 1075 634 1145 Sacra
679 1087 813 1145 etc.
863 1076 1321 1147 inhaerendo
1352 1076 1982 1146 declarationibus
2012 1076 2196 1147 alias
2222 1075 2452 1163 factis,
2490 1097 2785 1164 respon-

329 1204 365 1244 «
397 1181 545 1252 dit:
596 1183 1018 1253 Parochum
1069 1184 1394 1253 ruralem
1446 1202 1594 1253 non
1630 1203 1802 1254 esse
1826 1182 2231 1274 propriam
2261 1186 2337 1252 et
2367 1202 2626 1252 reram
2655 1204 2784 1272 pa-

326 1311 363 1354 «
396 1291 712 1360 rocham
730 1344 757 1376 ,
811 1291 1120 1381 quando
1179 1311 1316 1361 ras
1361 1291 1517 1360 itur
1579 1312 1818 1361 caasa
1883 1289 2366 1361 recreationis
2385 1345 2411 1376 ,
2469 1291 2586 1360 vel
2647 1312 2781 1380 prm

325 1418 363 1461 «ι
398 1397 797 1468 rusticanis
845 1400 1202 1488 negotiis;
1254 1400 1569 1488 ideoque
1618 1400 2177 1469 matrimonium
2230 1396 2474 1467 valide
2517 1416 2769 1466 eoram

326 1524 365 1566 ‹
394 1502 829 1576 huiusmodi
866 1506 1204 1595 parocho
1250 1503 1616 1576 celebrari
1661 1525 1809 1574 non
1850 1524 2092 1595 posse.
2142 1505 2492 1574 Partibus
2530 1510 2773 1575 tamen

331 1631 368 1674 «
401 1611 675 1681 dentur
697 1612 1239 1684 declarationes
1271 1613 1639 1701 antiquae,
1664 1613 1967 1683 scilicet:
2001 1614 2071 1680 in
2107 1631 2256 1682 una
2283 1613 2601 1683 etaltera
2629 1612 2785 1682 ffe-

326 1741 363 1783 «
397 1718 762 1789 reatina...
812 1721 908 1807 (in
943 1721 1223 1809 quibus
1256 1722 1371 1790 his
1401 1721 1696 1810 gemina
1734 1719 2130 1804 habentur)
2182 1719 2249 1788 in
2287 1739 2433 1788 una
2474 1712 2777 1789 Abulen.

327 1847 364 1890 «
399 1826 629 1897 Sacra
679 1840 812 1897 etc.
861 1828 1149 1899 censuit
1204 1846 1350 1896 non
1408 1827 1658 1897 valere
1703 1825 2274 1896 matrimonium
2318 1833 2777 1898 contractum

328 1953 365 1996 «
398 1950 661 2002 coram
694 1935 1025 2020 parocho
1056 1935 1213 2021 loci,
1243 1935 1365 2005 ubi
1404 1935 1929 2004 contrahentes
1955 1935 2428 2022 reperiuntur
2454 1953 2602 2004 non
2634 1934 2777 2003 arti--

324 2060 362 2103 «ι
395 2057 521 2108 mo
566 2037 667 2108 ibi
706 2039 1154 2110 domicilium
1205 2039 1766 2111 contrahendi»
1819 2039 2046 2128 (apud
2098 2039 2368 2111 Bened.
2417 2041 2618 2108 XIV.
2675 2042 2777 2107 fn·-

319 2143 471 2215 stit.
504 2149 609 2216 33.
645 2168 715 2215 η.
755 2149 839 2234 7).
872 2187 915 2198 -
953 2151 1236 2219 Eadem
1286 2148 1505 2217 docet
1533 2148 1872 2217 Sanchez
1917 2146 2062 2234 (lib.
2079 2152 2142 2218 3.
2168 2147 2441 2237 disput.
2463 2152 2577 2218 23.
2597 2170 2666 2217 η.
2684 2154 2773 2232 ω.

455 2256 550 2322 5⁰.
599 2257 919 2325 Demum
990 2263 1318 2342 constat,
1376 2255 1646 2325 Titium
1711 2259 1784 2324 et
1851 2255 2103 2325 Caiam
2174 2255 2271 2326 ad
2343 2257 2769 2354 parochiam

319 2380 379 2429 s.
417 2362 788 2432 Francisci
837 2383 919 2433 se
966 2363 1375 2434 contulisse
1422 2383 1572 2432 non
1623 2369 1707 2432 ut
1748 2365 1846 2434 ibi
1893 2364 2275 2451 quodlibet
2320 2364 2771 2433 domicilium

321 2471 815 2557 acquirerent,
841 2488 1016 2540 cum
1044 2470 1139 2539 ad
1168 2470 1237 2539 id
1264 2490 1359 2539 ne
1384 2471 1869 2560 cogitaverint
1890 2470 2192 2559 quidem
2231 2471 2379 2553 (nn.
2404 2472 2773 2554 31-32-33=);

320 2578 457 2647 sed
506 2586 792 2649 tantum
844 2579 959 2647 vel
1009 2597 1117 2646 θα)
1166 2577 1594 2667 1'9norantia
1645 2580 1759 2648 vel
1807 2577 1882 2646 in
1928 2576 2299 2668 fraudem
2361 2577 2610 2666 legum
2670 2598 2777 2647 ez?-

318 2685 901 2755 clesiasticarum
956 2693 1028 2755 et
1074 2686 1143 2754 in
1195 2687 1582 2772 proprium
1635 2686 2049 2772 parochum
2101 2686 2249 2769 (nn.
2280 2685 2480 2769 4⁶33).
2556 2687 2769 2772 Atqui

318 2791 749 2878 iquorantia
797 2793 1396 2863 contrahentium
1445 2811 1594 2861 non
1646 2791 1934 2880 proficit
1979 2792 2072 2860 ad
2122 2792 2215 2876 id,
2253 2799 2332 2860 ut
2365 2790 2486 2859 lex
2518 2791 2777 2860 triden—

318 2900 472 2968 tina
518 2899 811 2967 irritans
857 2898 1314 2969 clandestina
1367 2899 1836 2968 matrimonia
1866 2952 1883 2980 ,
1930 2916 2157 2967 suum
2211 2916 2358 2966 non
2427 2898 2773 2967 sortiatur

316 3004 669 3074 effectum
718 3004 813 3090 (n.
848 3007 998 3092 25);
1048 3012 1120 3076 et
1181 3005 1414 3077 multo
1482 3006 1734 3075 minus
1796 3004 2083 3093 proficit
2138 3003 2418 3093 fraite,
2471 3024 2667 3092 quae
2713 3010 2769 3074 si

318 3112 594 3180 nemini
643 3113 1086 3199 patrocinari
1138 3113 1357 3182 debet
1404 3113 1474 3181 in
1524 3113 1728 3201 omni
1762 3114 2076 3202 negotiO,
2109 3129 2199 3181 eo
2231 3108 2488 3180 fortius
2521 3112 2590 3179 in
2628 3130 2773 3182 mu-

317 3221 684 3290 trimoniis
732 3221 1300 3303 contrahendiS,
1350 3220 1653 3308 quando
1723 3220 2248 3289 contrahentes
2317 3218 2765 3287 domicilium

313 3328 387 3396 in
439 3328 601 3396 loco
650 3328 1537 3416 vel-quasi—domicilium
1590 3346 1741 3396 non
1791 3327 2336 3414 acquisiverint,
2390 3327 2489 3394 uti
2537 3325 2609 3393 in
2659 3326 2765 3394 cit.

315 3434 569 3505 litteris
615 3435 707 3505 ad
758 3436 1106 3524 Archiep.
1157 3437 1505 3505 Goanum
1555 3437 1628 3504 in
1674 3440 1953 3522 puncto
1986 3434 2237 3502 docuit
2269 3433 2538 3502 Bened.
2573 3434 2765 3510 XIV,

312 3542 533 3613 cuius
582 3545 809 3614 verba
857 3545 951 3613 de
983 3543 1275 3632 fraude
1320 3563 1410 3613 ac
1456 3540 1821 3613 domicilio
1854 3540 2061 3611 retuli
2098 3540 2368 3626 (praec.
2404 3559 2473 3606 n.
2503 3540 2641 3625 28).
2691 3542 2761 3606 Id

312 3658 570 3721 autem
621 3651 1203 3721 luculentissime
1263 3652 1481 3721 etiam
1546 3654 1836 3719 constat
1893 3668 1993 3718 ex
2052 3648 2477 3734 apostolicis
2525 3648 2769 3717 litteris

313 3759 598 3830 Urbani
635 3759 817 3844 VIII,
852 3761 976 3847 qui
1028 3760 1256 3828 huius
1288 3758 1359 3829 S.
1396 3759 1472 3828 C.
1505 3758 1910 3828 sententias
1943 3757 2037 3826 de
2071 3755 2324 3842 triplici
2359 3774 2543 3824 casu
2583 3753 2769 3826 frau-

309 3866 429 3937 dis
477 3874 547 3938 et
591 3867 936 3938 domicilii
984 3868 1103 3937 die
1155 3870 1241 3937 14
1286 3885 1457 3955 aug.
1493 3869 1666 3934 1627
1712 3862 2205 3933 confirmavit.
2257 3862 2545 3944 Quibus
2592 3863 2769 3930 reln-

310 3979 423 4061 tie,
440 3959 895 4045 Benedictus
915 3976 1093 4044 XIV
1119 3975 1221 4045 ita
1243 3975 1568 4044 disserit:
1607 3995 1643 4035 ‹
1678 3973 1905 4061 Igitur
1937 3970 2493 4040 matrimonium
2527 3970 2765 4057 primo

314 4105 355 4148 ‹
389 4088 459 4152 et
504 4083 840 4154 secundo
874 4083 1038 4152 loco
1072 4082 1494 4170 expositum
1530 4079 1832 4149 irritam
1865 4079 2305 4164 decernitur,
2339 4096 2512 4147 cum
2533 4076 2765 4166 fram-³

313 4214 353 4254 «
388 4190 922 4276 intercesserit;
973 4189 1534 4258 matrimonium
1570 4189 1778 4257 tertio
1817 4189 1975 4255 loco
2007 4186 2310 4257 allatum
2345 4186 2564 4255 etiam
2597 4205 2761 4252 eam

310 4295 666 4386 «fraude
714 4295 1048 4366 validum
1096 4296 1536 4378 declaratur,
1585 4296 1758 4382 quia
1809 4313 2090 4363 novum
2126 4311 2428 4381 quoque
2473 4289 2765 4360 domici-

308 4429 349 4472 «
381 4404 565 4474 lium
598 4408 1030 4474 accesserat
1060 4424 1097 4467 »
1151 4401 1289 4487 (cit.
1314 4403 1489 4470 Inst.
1513 4404 1617 4470 33.
1653 4422 1722 4469 n.
1741 4402 1833 4487 9).
1884 4404 2090 4483 Quae
2122 4402 2372 4470 omnia
2422 4400 2540 4469 hic
2571 4418 2765 4468 sum-

304 4532 483 4583 mus
533 4508 874 4580 Pontifex
920 4510 1191 4579 iisdem
1238 4507 1392 4578 fere
1441 4510 1690 4579 verbis
1737 4510 2004 4579 iterum
2057 4508 2370 4596 urgebat
2417 4507 2493 4587 in,
2524 4507 2636 4577 cit.
2675 4506 2769 4574 lit-

301 4623 477 4694 teris
526 4617 627 4690 ad
674 4617 1021 4705 Archiep.
1073 4617 1479 4687 Goanum.⁴
