3509 5317
2877 8 2879 11 v
2965 1 3075 33 ’ν’-ς»,

3446 159 3449 170 A

3447 176 3449 188 Ι

1797 490 2157 549 -218-

750 650 1046 698 merum
1096 636 1169 697 et
1213 629 1502 697 nudum
1556 627 2070 712 ministerium,
2105 647 2168 697 e.
2213 645 2321 716 gr.
2369 632 2809 715 potestatem
2859 625 3210 695 audiendi

750 742 998 822 partas
1050 736 1336 832 absque
1384 734 1727 806 facultate
1776 753 2090 804 causam
2140 734 2644 823 cognoscendi
2679 734 2724 801 ².

886 846 990 910 τῇ.
1046 842 1421 912 Praedicta
1488 848 1738 912 autem
1803 842 2059 931 regula
2128 842 2224 912 de
2287 842 2780 930 appellatione
2822 841 3212 931 gradatim

750 949 1221 1018 faciendaad
1251 950 1719 1037 superiorem
1759 949 2076 1019 iudicem
2115 968 2263 1017 non
2295 947 2568 1018 omisso
2614 947 2884 1034 medic,
2941 950 3210 1036 patitur

746 1062 1250 1146 amaluinnes.
1316 1060 1601 1129 Dantur
1647 1061 1844 1127 enim
1911 1078 2172 1143 casua,
2232 1058 2304 1125 in
2354 1058 2631 1145 quibus
2677 1058 3076 1146 appellatio
3115 1058 3204 1128 ad

750 1166 1160 1234 mediatum
1217 1164 1376 1235 fleri
1437 1170 1678 1252 potest
1724 1165 2193 1252 superiorem
2252 1164 2573 1233 iudicem
2622 1166 2908 1235 omisso
2958 1167 3206 1236 imme-

746 1274 942 1342 diati]
994 1293 1130 1342 seu
1166 1272 1534 1359 proximo.
1569 1272 1689 1341 Sic
1722 1273 2073 1359 princeps
2106 1271 2470 1358 exceptio,
2523 1273 2799 1341 iamdiu
2849 1273 3204 1342 canonico

750 1382 906 1446 iure
954 1379 1325 1448 {leclarata
1377 1383 1448 1447 et
1494 1380 1776 1448 sancita
1813 1377 1858 1464 ²,
1911 1398 1997 1448 ea
2048 1383 2179 1464 est,
2214 1385 2297 1448 ut
2343 1397 2391 1447 a
2438 1398 2922 1466 quocumque
2971 1380 3204 1449 iudice

750 1490 1172 1556 innnfflliate
1205 1486 1297 1556 ad
1335 1488 1620 1573 Papam
1653 1487 2010 1574 appellari
2049 1487 2285 1575 possit
2315 1507 2414 1556 ex
2447 1492 2595 1556 toto
2632 1492 3005 1558 terrarum
3031 1489 3203 1557 orbe

750 1598 818 1662 in
870 1598 1120 1664 :minsis
1169 1595 1692 1665 ecclesiasticis
1737 1600 1810 1664 et
1856 1595 2387 1682 spiritualibus
2422 1614 2616 1682 quas
2665 1596 2851 1664 inter
2881 1596 3203 1665 eminent

750 1703 1357 1787 milti-irsmniales
1421 1707 1735 1789 excepto
1793 1721 1979 1771 casu
2039 1721 2282 1788 nuper
2327 1700 2581 1789 citatO,
2630 1723 2816 1791 quO,
2874 1725 2972 1774 ex
3036 1706 3201 1774 iuris

750 1830 882 1878 sen
938 1814 1182 1898 Papae
1236 1810 1471 1897 ipsius
1517 1808 2032 1896 dispositione,
2091 1809 2446 1896 appellari
2503 1811 2722 1880 debet
2774 1831 2814 1880 a
2875 1812 3203 1883 subdele-

746 1926 918 2006 gulo
970 1918 1062 1986 ml
1112 1918 1360 2004 Papae
1407 1916 1871 2004 delegatum,
1937 1918 2240 2003 quando
2290 1917 2352 1986 is
2402 1936 2549 1985 non
2616 1925 2847 1987 totam
2895 1938 3194 1988 causam

746 2046 878 2090 sen
938 2023 1516 2093 iurisdictionem
1568 2030 1799 2092 totam
1849 2023 2388 2111 subdelegavit,
2427 2025 2559 2093 sed
2609 2024 2883 2112 aliquid
2932 2026 3070 2094 sibi
3106 2046 3201 2095 re-

746 2134 1074 2198 seruarat-‘it
1113 2129 1157 2198 ⁸.
1208 2132 1522 2201 Ratione
1570 2131 1765 2200 enim
1819 2131 2190 2217 primatus
2237 2132 2779 2218 iurisdictionis,
2830 2132 3196 2219 plenitudo

750 2242 1129 2326 potestatis
1178 2239 1450 2308 residet
1483 2240 1551 2306 in
1602 2238 1827 2325 Papa,
1862 2244 1933 2308 et
1965 2238 2124 2324 ipse
2159 2226 2272 2307 est
2302 2239 2738 2309 Ordinarius
2798 2240 3197 2311 Ordinario-

750 2366 918 2414 run]
970 2354 1042 2414 et.
1087 2347 1425 2414 omnium
1487 2343 1919 2415 inferiorum
1978 2344 2345 2432 iudicum,
2403 2354 2977 2417 concurrentem
3029 2368 3192 2418 cum

750 2458 886 2522 illis
938 2458 1224 2523 hahens
1256 2456 1327 2523 in
1363 2455 1571 2523 dictis
1603 2458 1856 2526 causis
1890 2454 2485 2523 iurisdictionem.
2525 2455 2599 2523 ld
2652 2461 2907 2524 autem
2940 2458 3193 2526 iterum

746 2582 1112 2650 aspi-asse
1159 2562 1410 2631 docuit
1455 2581 1545 2632 ac
1592 2563 1998 2632 declaravit
2036 2563 2517 2631 oecumenica
2566 2563 2926 2633 Vaticana
2979 2565 3197 2651 Syno-

746 2670 946 2738 dua*
1006 2674 1117 2738 his
1170 2671 1456 2739 verbis:
1510 2692 1547 2734 «
1580 2672 1670 2739 Et
1714 2670 2072 2757 quoniam
2108 2669 2357 2738 divino
2404 2669 2788 2756 apostolici
2835 2672 3196 2757 primatus

670 2790 674 2794 ·
746 2782 904 2846 iure
966 2797 1326 2848 romanus
1375 2776 1712 2847 Pontifex
1760 2778 2163 2846 universae
2210 2776 2583 2846 Ecclesiae
2632 2785 2950 2865 praeest,
3001 2779 3197 2847 doce-

750 2906 918 2954 mus
974 2890 1195 2955 etiam
1257 2891 1328 2954 et
1372 2886 1872 2969 declaramuS,
1924 2903 2097 2954 eum
2163 2902 2334 2954 esse
2383 2884 2698 2953 iudicem
2758 2903 3191 2973 supremum
3436 2837 3447 2948 l

746 2994 1082 3062 fidelium
1122 2991 1165 3076 ⁵,
1216 2994 1386 3061 etin
1425 2993 1779 3061 omnibus
1811 2993 2084 3077 causiS,
2119 2991 2214 3061 ad
2248 3010 2573 3061 examen
2622 2991 3192 3062 ecclesiasticum

746 3110 1050 3186 Spartan
1066 3100 1274 3185 tibus,
1310 3100 1405 3169 ad
1439 3084 1673 3187 ipsiu's
1708 3119 1936 3187 posse
1970 3099 2321 3169 iudicium
2358 3100 2639 3168 recurri
2686 3121 2722 3162 »
2761 3097 2807 3166 ⁶.
2855 3137 2900 3148 -
2950 3103 3192 3189 Neque

750 3226 926 3274 vero
994 3206 1152 3274 aliis
1197 3206 1829 3276 communicando
1907 3207 2486 3275 iurisdictionem
2543 3206 2704 3274 sive
2750 3207 3187 3277 ordinariam

746 3314 902 3382 sit-*a
954 3314 1395 3403 delegatam,
1433 3336 1475 3385 a
1526 3334 1610 3384 se
1642 3315 1938 3383 abdicat
1968 3333 2212 3383 suam.
2261 3353 2306 3361 —
2352 3314 2652 3383 Ceteros
2699 3332 2929 3383 casus
2975 3321 3046 3385 et
3084 3334 3196 3384 ex-

746 3422 1125 3510 captia-nas
1170 3422 1537 3491 eiusmodi
1587 3423 1870 3510 passim
1922 3423 2069 3490 DD.
2119 3427 2564 3491 enumerant
2599 3419 2642 3487 ⁷.

886 3726 894 3758 ¹
950 3722 1099 3779 Vide
1159 3720 1429 3797 Pirhing
1487 3721 1597 3781 cit.
1668 3721 1776 3778 lib.
1848 3719 1908 3778 1.
1957 3722 2049 3778 tlt.
2100 3717 2212 3778 29.
2264 3737 2384 3778 πη.
2439 3716 2754 3775 109-110
2798 3727 2864 3777 et
2898 3738 3068 3797 seqq.
3104 3719 3195 3777 ubi

746 3822 870 3878 alla
914 3822 986 3878 da
1034 3822 1143 3878 hac
1188 3837 1255 3878 re
1300 3820 1430 3879 fuse
1472 3819 1744 3879 disserit.

882 3922 902 3954 ²¹
950 3920 1074 3978 [ΗΓ.
1125 3918 1393 3994 Pirhing
1441 3918 1546 3975 li'z.
1597 3917 1662 3975 2.
1710 3919 1807 3976 tit.
1857 3915 1969 3976 28.
2019 3935 2089 3974 n.
2143 3914 2249 3975 90.

882 4021 902 4050 ³¹
950 4016 1348 4078 Heiffenstuel
1391 4017 1500 4076 cit.
1555 4017 1661 4074 lib.
1708 4017 1775 4076 2.
1826 4016 1923 4074 tit.
1972 4012 2084 4071 28.
2136 4032 2203 4073 n.
2254 4014 2366 4072 58.

882 4118 902 4150 ⁴
950 4118 1153 4175 Unust.
1224 4115 1455 4172 Pastor·
1517 4121 1851 4180 aeternus,
1910 4132 2044 4191 cap.
2092 4113 2152 4172 3.
2217 4114 2368 4173 Eam
2414 4114 2602 4172 habes
2645 4113 2707 4172 in
2768 4113 2972 4174 latina
3014 4114 3203 4192 Ephe-

750 4214 998 4282 met*ida‚
1049 4212 1142 4270 :sui
1188 4211 1410 4271 titulus
1453 4213 1617 4270 Acta
1660 4219 1934 4269 sanctae
1979 4212 2164 4269 Sedis
2210 4219 2325 4269 etc.
2378 4211 2500 4271 vol.
2537 4210 2600 4268 6.
2633 4227 2788 4286 pay.
2823 4209 2919 4267 40
2948 4219 3012 4269 et
3034 4230 3192 4286 seqq.

954 4314 1046 4366 Pii
1092 4310 1220 4368 PP.
1269 4309 1355 4367 VI
1400 4311 1622 4380 Breve,
1672 4312 1886 4384 Super
1927 4309 2255 4368 soleditate
2299 4308 2390 4365 27
2437 4329 2582 4370 nov.
2640 4309 2840 4368 1786.

882 4414 902 4446 ὓ
946 4409 1177 4468 Camil.
1227 4427 1459 4468 oecum.
1507 4408 1789 4485 Lugdun.
1837 4409 1917 4468 11.

882 4510 902 4542 ἵ
950 4510 1101 4567 Vide
1161 4508 1429 4585 Pirhing
1494 4508 1599 4566 lib.
1634 4506 1699 4566 2.
1768 4510 1863 4566 tit.
1900 4507 2011 4568 28.
2076 4527 2143 4566 η.
2195 4506 2304 4567 90.
2340 4540 2414 4551 -
2446 4508 2548 4566 vel
2590 4507 2795 4584 potius
2837 4507 3197 4568 Laurenium

750 4610 854 4666 Μὴ.
914 4614 970 4666 ἓ.
1026 4610 1113 4664 ist.
1165 4605 1276 4664 28.
1328 4614 1575 4681 quaest.
1634 4606 1840 4675 1063,
1885 4608 1988 4666 ubi
2034 4608 2343 4666 undecim
2388 4610 2710 4665 enumerat
2751 4623 2953 4666 casus.
