3509 5317
672 462 877 549 ⁸·-1oa‘-

180 622 215 692 Sl
238 625 415 694 alteruter
437 627 639 715 coniugum
666 627 873 695 voluntarie
898 627 982 713 plus
1006 644 1127 713 aequo
1151 624 1296 693 diflerat
1319 643 1407 693 con·

179 750 375 821 summare
400 733 690 818 matrimonium,
716 752 840 819 neque
863 732 1068 819 probabilis
1098 732 1220 819 aliqua
1251 749 1340 817 spes
1364 729 1410 799 ei·

178 834 327 926 fulgeat,
351 836 431 909 lore
456 839 710 926 utaliquando
734 858 775 909 se
791 839 838 908 ad
853 839 1004 908 meliora
1023 838 1172 908 consilia
1193 838 1409 925 bonamque

178 943 325 1033 frugem
353 947 516 1032 recipiat,
547 947 682 1017 iustam
712 959 749 1015 et
781 945 1037 1016 rationabilem
1069 964 1224 1016 oausam
1256 947 1410 1032 praebet

178 1051 282 1120 alteri
295 1053 442 1141 coniugi
457 1051 710 1139 impetrandia
730 1071 882 1121 summo
900 1051 1077 1122 Pantilice
1089 1053 1407 1140 dispensationem

180 1176 296 1244 super
320 1161 557 1229 matrimonio
574 1169 664 1243 reto,
679 1179 726 1228 ne
742 1160 778 1228 in
792 1160 957 1247 periculi
972 1159 1256 1229 incontinentiae
1271 1158 1409 1226 diutius

179 1266 324 1334 versari
348 1274 503 1354 cogatur
528 1266 549 1332 ¹.
584 1300 630 1316 -
663 1267 719 1335 Ob
745 1268 841 1336 banc
863 1267 989 1355 itaque
1012 1283 1193 1352 causam,
1224 1271 1315 1334 teste
1347 1266 1411 1333 Be

179 1371 326 1440 nedicto
351 1371 440 1439 XIV
455 1369 479 1457 ²,
507 1372 732 1443 dissolutum
752 1372 819 1441 fuit
848 1375 1127 1464 matrimonium
1157 1380 1290 1456 ratum,
1317 1372 1410 1440 inter

180 1481 402 1550 paschalem
427 1482 652 1553 Christlnum
677 1489 713 1552 et
745 1483 940 1554 lsabellam
972 1484 1070 1551 Brittl
1106 1483 1253 1567 initum3
1278 1487 1315 1550 et
1337 1479 1407 1550 alia

181 1589 287 1675 plura
314 1607 387 1659 non
412 1591 549 1660 desunt
571 1591 824 1659 concessionis
848 1593 1033 1677 exempla.

246 1698 302 1765 33.
327 1697 420 1766 Cum
439 1698 508 1767 bac
524 1717 638 1769 causa
657 1699 791 1767 sociari
806 1704 927 1784 potest
950 1698 1075 1782 altera,
1093 1699 1141 1766 de
1164 1717 1237 1784 qua
1256 1697 1409 1784 quidam

181 1806 253 1872 bb.
284 1804 496 1892 loquuntur,
520 1806 673 1894 quando
702 1825 837 1893 nempe
865 1806 958 1875 alter
985 1807 1271 1894 coniugatorum
1299 1823 1408 1874 suam

179 1914 393 1983 dilationem
410 1914 699 1983 consummandi
714 1914 991 1983 matrimonium
1008 1916 1189 2000 praetexit
1204 1912 1410 1982 asserendo

179 2039 321 2090 senon
344 2018 518 2089 babuisse
540 2020 709 2089 animum
732 2019 993 2090 contrahendi:
1019 2021 1118 2108 quod
1153 2035 1241 2089 tunc
1269 2018 1410 2087 admitti

181 2136 324 2213 potest,
350 2133 390 2195 ut
412 2127 520 2197 docet
543 2128 711 2197 Sancbez
736 2123 765 2213 ⁸,
790 2146 910 2214 quum
935 2127 993 2196 ille
1019 2145 1177 2214 prorsus
1200 2126 1322 2195 induci
1348 2143 1411 2193 ne·

180 2234 259 2321 quit
282 2234 330 2302 ad
356 2251 488 2305 verum
514 2235 782 2319 praestandum
807 2252 1049 2303 consensum.
1076 2234 1115 2301 ln
1141 2233 1199 2300 bis
1222 2233 1321 2300 enim
1346 2231 1410 2299 ad·

181 2340 314 2410 iunctis
338 2340 457 2409 satius
480 2340 687 2410 consulitur
702 2339 927 2429 coniugibus
943 2359 1010 2427 per
1026 2340 1346 2428 dispensationem
1363 2337 1411 2407 ad

180 2447 367 2518 cautelam
391 2448 422 2515 si
446 2444 539 2516 forte
562 2446 621 2517 ille
640 2448 702 2535 qui
727 2457 849 2535 negat,
863 2467 998 2534 reapse
1015 2454 1141 2517 tamen
1159 2466 1292 2515 verum
1309 2465 1413 2533 prae

181 2555 312 2625 stiterit
334 2573 564 2639 eonsensum
590 2555 826 2624 matrimonio
841 2555 940 2641 inito,
957 2572 1074 2643 quam
1091 2556 1194 2623 illum
1212 2572 1347 2642 cogere
1363 2553 1411 2622 ad

181 2661 493 2731 cohabitationem
517 2679 606 2730 cum
630 2662 798 2749 coniuge.
823 2662 1057 2748 Experientia
1076 2662 1174 2730 enim
1192 2665 1345 2745 constat,
1363 2679 1413 2729 ex

110 2798 117 2812 ·
181 2769 421 2839 matrimonio
445 2777 574 2839 coacto
599 2787 735 2857 graves
759 2769 984 2855 plerumque
1007 2772 1042 2837 et
1065 2768 1220 2838 crebras
1242 2768 1328 2836 oriri
1352 2767 1414 2835 ini·

182 2876 338 2945 micitias
363 2881 398 2944 et
421 2877 532 2946 rixas.
1258 2881 1262 2891 '

247 2985 304 3052 34.
328 2983 533 3052 Enunciata
558 3001 674 3053 causa
699 2982 882 3051 dilationis
906 2983 1199 3052 consummandi
1228 2980 1414 3050 matrimo-

183 3092 288 3161 nium
313 3089 443 3160 lavore
467 3090 754 3177 dispensationis
778 3090 987 3177 roboratur,
1012 3090 1158 3177 quoties
1185 3087 1413 3159 sufficientes

184 3198 425 3285 probationes
448 3196 640 3267 confluant
663 3195 709 3265 de
724 3194 906 3266 libertatis
922 3196 1069 3285 dejectu
1086 3196 1123 3265 in
1145 3195 1411 3266 contrahendo.

182 3305 304 3391 Saepe
334 3304 432 3373 enim
465 3303 607 3390 accidit,
639 3309 679 3371 ut
708 3302 884 3372 alteruter
914 3306 1142 3373 contrahens
1172 3322 1237 3390 per
1270 3307 1410 3373 metum

184 3430 351 3500 gravem,
376 3411 510 3480 iniuste
534 3412 740 3497 incussum,
765 3411 960 3481 cadentem
985 3412 1021 3479 in
1040 3412 1161 3480 viram
1179 3416 1413 3481 constantem

185 3521 231 3591 ad
256 3520 464 3590 ineundum
497 3520 774 3589 matrimonium
809 3527 976 3608 cogatur.
1009 3523 1190 3602 Quamvis
1214 3527 1340 3591 autem
1364 3540 1413 3589 ex

183 3628 367 3697 eiusmodi
394 3633 496 3697 metu
521 3627 620 3696 irrita
646 3628 850 3696 reddantur
874 3629 1057 3716 coniugia,
1082 3634 1205 3697 lamen
1232 3647 1319 3697 cum
1349 3626 1414 3696 dif-

184 3734 290 3804 bellis
314 3734 544 3822 probationis
569 3735 628 3804 ille
651 3736 707 3821 sit,
732 3742 768 3804 et
792 3736 827 3803 in
851 3754 967 3805 causa
993 3734 1337 3806 nullitatisdubium
1355 3735 1416 3803 ali·

185 3841 285 3930 quod
312 3860 387 3910 non
412 3860 498 3911 raro
522 3843 686 3929 supersit
708 3842 755 3911 de
778 3842 960 3930 gravitate
985 3849 1116 3927 metus,
1136 3842 1221 3910 binc
1237 3842 1337 3928 apud
1355 3859 1412 3910 sa·

183 3968 288 4019 cram
313 3949 647 4038 Congregationem
673 3951 821 4019 Concilii
845 3950 1008 4036 invaluit,
1027 3957 1067 4020 ut
1083 3949 1241 4036 expletis
1256 3948 1348 4019 actis
1363 3948 1415 4018 iu·

185 4058 380 4128 dicialibus
406 4076 472 4144 per
496 4057 595 4127 viam
621 4058 789 4144 iustitiae,
812 4057 1029 4127 admittatur
1053 4064 1233 4145 tanquam
1258 4056 1356 4125 iusta
1378 4064 1415 4126 et

252 4313 262 4350 ¹
286 4312 351 4372 Olr.
374 4310 498 4388 Ursaya
519 4310 576 4369 cit.
603 4310 660 4372 loc.
684 4327 745 4368 aa.
772 4305 894 4378 95-97,
925 4309 975 4368 ubi
1004 4310 1112 4386 plures
1138 4308 1230 4368 affert
1257 4306 1413 4366 11111111-

107 4472 110 4479 ,
186 4413 324 4497 tentiae.⁸
660 4488 663 4493 Ι

187 4560 191 4568 .
251 4507 417 4572 ²Qaaeat.
442 4525 561 4569 canoa.
586 4505 656 4564 479
677 4524 753 4583 rap.
777 4507 835 4567 eit.

253 4603 441 4664 3Sattehez:
465 4602 512 4663 De
533 4603 680 4660 matrim.
706 4602 760 4661 lib.
774 4598 808 4661 2.
832 4602 916 4676 disp.
940 4598 993 4658 16.
1018 4616 1051 4657 a.
1073 4598 1104 4656 7.
