3509 5317
693 450 872 511 „199-

167 590 332 659 adhibito
349 591 454 678 prius
471 591 637 660 mulieris
653 590 787 659 balneo
803 588 836 659 ci
850 587 1064 658 necessario
1076 586 1398 678 praemittendum

168 696 321 787 Physici
332 708 368 768 et
380 698 484 788 ipsae
497 696 752 768 iudicauerint.
766 700 950 766 Accurate
963 696 1219 766 ohservahunt
1230 696 1338 783 signa
1351 696 1399 764 in·

169 807 377 895 tegritatem
398 806 564 876 mulieris
583 806 852 889 constituentia,
866 805 1044 873 nimirum
1063 802 1397 874 conformationem

168 914 354 1001 partium,
384 914 617 999 iuncturam,
649 913 845 997 duritiem,
879 913 1108 1002 rugositaem
1144 920 1180 981 et
1214 912 1397 997 colorem3

167 1059 189 1069 -
213 1041 263 1090 an
296 1021 434 1108 hymen
464 1022 510 1091 sit
542 1022 694 1109 integer,
727 1020 784 1088 vel
818 1018 1030 1098 contractus
1059 1021 1243 1089 inlutum
1273 1019 1331 1088 vel
1362 1019 1398 1086 in

168 1134 294 1215 parte.
319 1167 341 1175 -
365 1130 444 1198 Hoc
468 1129 504 1196 in
528 1146 620 1197 casu
645 1147 693 1196 an
718 1134 753 1197 et
776 1147 848 1215 qua
867 1127 1024 1197 naturali
1042 1145 1168 1213 causa,
1185 1144 1254 1196 seu
1276 1126 1400 1213 potius

170 1226 424 1324 econgressu
461 1235 628 1304 extranei
662 1235 830 1322 corporis
867 1234 1075 1323 contigerit;
1099 1254 1191 1305 -an
1222 1232 1401 1322 myrtilor-

169 1360 253 1411 mes
277 1343 503 1413 carunculae
519 1342 764 1427 inveniantur,
782 1359 992 1430 earumque
1013 1336 1318 1430 magnitudinem,
1335 1360 1401 1410 nu·

167 1469 318 1520 merum
344 1456 380 1521 et
406 1449 757 1536 conformationem,
783 1450 931 1538 aliaque
961 1451 1067 1538 signa
1093 1451 1141 1520 ab
1164 1456 1244 1520 arte
1267 1449 1398 1521 tradita

168 1559 416 1647 integritatem
434 1566 498 1628 aut
513 1558 790 1643 corruptionem
809 1557 978 1627 mulieris
993 1559 1249 1629 constituentia
1266 1560 1399 1630 sedulo

167 1666 375 1752 inspiciant.
400 1665 540 1737 Deinde
564 1684 816 1754 unaquaeque
833 1665 993 1735 seorsim
1011 1664 1157 1751 singula
1183 1660 1280 1754 quae
1301 1686 1401 1753 repe

168 1774 258 1843 rerit
283 1774 356 1843 sub
378 1779 615 1843 sacramento
640 1773 762 1859 ludici,
787 1779 824 1843 et
845 1791 869 1840 a
892 1772 1119 1841 Cancellario
1155 1774 1291 1859 scripto
1315 1772 1402 1843 lide

169 1882 251 1952 liter
274 1882 466 1967 tradenda,
492 1882 660 1952 distincte
678 1888 853 1968 exponat,
875 1888 916 1950 ut
939 1879 1027 1968 quid
1052 1881 1156 1967 ipsae
1179 1883 1339 1951 sentiant
1354 1882 1401 1951 de

168 1988 268 2058 illius
293 1990 499 2076 integritate
523 1989 721 2059 declarent.

238 2118 258 2159 «
284 2096 511 2166 Earumdem
544 2097 797 2184 depositiones
827 2094 1026 2182 praedictis
1056 2094 1225 2182 Physicis
1264 2095 1402 2164 exami-

168 2202 320 2272 nandae
343 2202 559 2289 tradantur,
586 2216 625 2273 ut
647 2203 851 2274 decernant
873 2221 966 2271 num
992 2203 1127 2273 mulier
1162 2203 1286 2273 adhuc
1317 2205 1403 2274 inte

168 2326 236 2397 gra
262 2309 434 2378 habenda
463 2310 517 2394 sit,
542 2316 653 2398 atque
683 2309 963 2379 matrimonium
992 2327 1068 2378 non
1092 2319 1400 2409 consummatum

169 2415 424 2485 iudicandum.

238 2524 414 2592 «Verum
439 2524 471 2592 si
494 2523 645 2612 aliquod
662 2523 819 2594 dubium
839 2524 967 2593 adhuc
982 2524 1249 2611 explicandum
1272 2542 1401 2611 super-

169 2629 224 2714 sit,
249 2633 473 2718 opportunis
496 2633 545 2701 ab
576 2632 665 2719 ipsis
696 2633 865 2720 Physicis
896 2633 1125 2703 concinnatis
1148 2633 1399 2721 interrogatio

170 2736 292 2823 nibus,
318 2737 451 2807 iterum
485 2739 708 2808 Obstetrices
731 2739 1013 2824 examinentur,
1043 2740 1132 2810 etsi
1156 2739 1402 2809 nihilominus

169 2862 312 2931 anceps
342 2846 552 2915 Peritorum
576 2847 753 2916 iudicium
783 2847 1041 2934 permanserit,
1065 2865 1205 2934 corpus
1234 2846 1400 2916 mulieris
1434 2938 1437 2945 .

169 2951 218 3021 ab
242 2952 334 3039 ipsis
357 2952 592 3039 inspiciatur,
616 2953 788 3025 adstante
814 2972 903 3022 vero
934 2955 1106 3024 Matrona
1128 2955 1303 3042 antiquae
1336 2955 1404 3023 vir-

171 3060 267 3143 tutis,
302 3060 467 3148 nullique
499 3062 705 3149 exceptioni
730 3061 904 3148 obnoxia,
939 3070 975 3131 et
1006 3061 1055 3132 ab
1085 3061 1280 3130 Ordinario
1309 3062 1403 3131 desi·

171 3165 335 3254 gnanda.
359 3166 515 3254 Expleta
541 3169 773 3256 inspectione,
791 3168 969 3238 iudicium
993 3169 1136 3239 dabunt
1158 3171 1315 3258 Physici,
1334 3170 1403 3239 sin-

169 3272 353 3361 gulosque
371 3272 571 3364 proferent
586 3275 752 3345 rationes
768 3277 906 3364 quihus
925 3277 1094 3363 ipsorum
1118 3279 1298 3349 sententia
1315 3279 1404 3347 inni-

171 3381 267 3451 titur.

239 3511 258 3553 t
294 3491 571 3560 praetereunda
610 3491 760 3563 tandem
797 3510 872 3561 non
916 3493 985 3562 erit
1018 3492 1250 3581 investigatio
1285 3512 1404 3581 super

172 3598 346 3684 qualitate
369 3599 518 3668 testium
544 3599 672 3670 audito
696 3601 905 3670 eorundem
929 3600 1095 3686 parocho
1112 3600 1170 3670 vel
1194 3601 1263 3671 alia
1281 3602 1402 3688 proba

172 3708 207 3771 et
229 3705 408 3775 instructa
435 3723 595 3792 persona
621 3712 747 3775 utrum
764 3707 833 3794 ipsi
852 3708 926 3775 sint
941 3707 1050 3775 honis
1074 3707 1244 3775 moribus
1259 3707 1400 3793 imbuti,

172 3826 216 3878 ac
239 3809 390 3896 plenam
421 3816 636 3881 mereantur
664 3810 778 3881 fldem
804 3812 951 3882 illorum
984 3812 1233 3899 depositiones
1257 3818 1324 3881 etc.
1341 3835 1360 3877 s
1380 3812 1403 3880 ¹.

239 3917 280 3984 In
304 3917 376 3986 hoc
400 3918 662 4007 probationum
695 3938 834 4008 genere
865 3939 915 3989 ex
938 3920 1165 4008 inspectione
1197 3938 1402 4007 corporum

173 4021 436 4111 deductarum,
462 4032 593 4096 notum
626 4032 683 4095 est
715 4027 853 4115 peritos
877 4025 1044 4096 medicos
1068 4033 1103 4096 et
1126 4027 1341 4097 canonistas
1364 4027 1399 4095 in

173 4127 269 4200 duas
294 4130 406 4199 dividi
429 4131 571 4202 classes
595 4151 663 4220 pro
688 4133 982 4227 duplicieorum
1007 4134 1198 4204 sententia.
1231 4134 1402 4221 Namque

173 4238 231 4307 alil
255 4237 425 4309 absolute
448 4237 647 4325 affirmant,
672 4259 722 4309 ex
745 4240 912 4328 inspecto
937 4258 1095 4327 corpore
1116 4239 1284 4308 mulieris
1299 4248 1336 4309 et
1351 4258 1403 4308 re

239 4473 337 4533 ¹(llr.
372 4474 528 4550 integram
561 4472 709 4532 eiusmodi
742 4471 982 4533 Instructionem
1009 4471 1108 4548 quoad
1146 4489 1275 4531 examen
1301 4472 1406 4531 coniu-

177 4587 246 4644 gum
267 4590 302 4631 ac
324 4571 452 4632 testium
468 4602 504 4617 -
520 4573 558 4629 in
579 4571 763 4647 appendice
786 4570 835 4637 3⁰.

706 4817 716 4863 'i
