3509 5317
1372 556 1447 569 -
1495 525 1729 587 195-

313 664 642 753 singulis
688 664 942 733 causis
977 664 1594 753 interrogationes
1640 671 1713 733 et
1760 661 2361 749 investigationes
2408 660 2785 732 faciendus-2.

312 773 476 841 sint
521 770 965 865 multiplices
1012 784 1083 842 et
1129 773 1653 861 accuratiores,
1705 771 1822 842 vel
1869 771 2246 859 simplices
2277 782 2349 840 et
2392 773 2785 857 pauciurffi

312 879 702 949 sufficiant
761 884 985 966 prout
1058 879 1559 948 accusationis
1618 879 2010 967 requirunt
2073 877 2358 962 tituluS,
2432 882 2781 965 propositi

312 988 611 1058 articuli
645 994 716 1057 et
740 985 925 1057 facta
960 991 1324 1074 enarrata,
1362 988 1534 1055 hinc
1559 992 1943 1073 nequeunt
1974 986 2092 1054 hic
2122 986 2777 1074 interrogationum

314 1101 391 1164 et
441 1096 1096 1183 investigationum
1131 1114 1271 1182 pro
1304 1095 1624 1184 singulis
1657 1094 2207 1182 impedimentis
2242 1094 2552 1181 proponi
2584 1094 2785 1162 sciue-

314 1209 551 1275 mata.
605 1205 851 1285 Quare
884 1221 1169 1272 munus
1206 1203 1343 1272 erit
1375 1203 1870 1272 moderatoris
1903 1207 2242 1271 actorum
2292 1201 2729 1289 interrogant
2753 1230 2785 1258 ι-

312 1330 464 1380 nes
489 1316 560 1381 et
603 1310 1203 1398 investigationes
1262 1309 1633 1379 eiusmodi
1681 1327 1820 1396 pro
1868 1329 2007 1378 sua
2057 1309 2456 1396 sagacitate
2502 1310 2785 1377 conrin-

312 1439 541 1506 nare,
592 1437 873 1508 easque
931 1438 1213 1507 augere
1264 1419 1377 1488 vel
1430 1420 1769 1489 minuere
1825 1437 1961 1507 pro
2008 1437 2260 1488 rerum
2310 1416 2693 1487 adiunctis.
2749 1458 2785 1462 —

314 1528 716 1610 Quaedam
774 1526 1263 1595 nihilominus
1311 1526 1408 1597 ad
1458 1528 1601 1596 hoc
1648 1525 1934 1596 facilius
1994 1525 2455 1613 explendum
2507 1543 2785 1592 munuf-

312 1641 732 1705 annotasse
781 1635 1080 1705 iuvabit.

458 1743 682 1813 Plura
718 1744 964 1830 itaque
995 1749 1173 1813 sunt
1210 1743 1760 1830 impedimenta,
1796 1761 1992 1830 quae
2032 1754 2294 1811 contra
2341 1742 2781 1811 matrimonii

316 1849 665 1920 valorem
714 1850 951 1936 allata,
1001 1849 1188 1919 facili
1261 1850 1556 1938 negotio
1606 1849 1924 1938 perspici
1972 1855 2309 1936 possunt,
2358 1868 2455 1918 an
2504 1849 2575 1917 in
2629 1850 2785 1934 ipa-m

313 1958 552 2044 iugali
597 1957 925 2037 ineundo
968 1956 1273 2028 foedere
1307 1964 1648 2027 extarent
1678 1957 1793 2026 vel
1845 1976 2018 2024 non.
2050 1994 2097 2003 —
2143 1957 2262 2026 Sic
2308 1956 2785 2042 impedituru-

314 2071 486 2134 tum
539 2062 691 2133 coti
717 2064 1077 2134 solemnis
1111 2065 1465 2136 castitatis
1500 2063 1618 2132 vel
1654 2065 1722 2132 in
1756 2062 2221 2153 professione
2271 2064 2633 2148 religiosa,
2677 2066 2781 2126 *ri-l

313 2172 391 2239 in
446 2172 1350 2258 susceptione'sacrorum
1393 2172 1753 2242 Ordinum
1791 2171 2219 2257 nuncupati,
2251 2170 2596 2258 expedite
2629 2190 2785 2258 [πε-μ

318 2279 487 2349 bari
537 2284 781 2369 potest
824 2281 884 2348 si
935 2280 1355 2350 authentica
1399 2281 1870 2368 requirantur
1917 2280 2361 2348 documenta
2416 2279 2590 2347 etin
2625 2286 2777 2346 ari-2¹

317 2388 743 2459 referantur
788 2388 949 2457 sive
994 2387 1363 2457 solemnis
1413 2385 1898 2474 professionis
1937 2387 2260 2457 emissae
2307 2387 2377 2454 in
2414 2385 2781 2474 religifflw„

316 2496 646 2566 Sanctae
693 2495 908 2565 Sedis
939 2495 1209 2564 iudicio
1243 2494 1676 2582 approbata,
1711 2494 1873 2563 sive
1907 2493 2097 2562 sacri
2133 2494 2454 2580 suscepti
2484 2493 2785 2562 maiore

317 2602 643 2671 Ordinis.
691 2639 736 2648 -
780 2601 1153 2670 Naturalis
1200 2601 1669 2690 cognationis
1726 2620 1865 2670 seu
1912 2597 2617 2690 consanquineitatis
2665 2602 2785 2662 ἱιιι-

318 2712 839 2799 pedimentum
890 2715 1114 2798 atque
1163 2713 1386 2780 etiam
1435 2708 1834 2798 affinitatis
1882 2714 2228 2796 prompte
2284 2708 2645 2795 probatur
2693 2710 2781 2774 nl:

316 2818 632 2905 arbore,
689 2830 768 2889 ut
797 2821 1022 2901 aiunt,
1056 2818 1767 2906 consanguineitatis
1791 2818 2180 2904 utriusque
2219 2815 2539 2886 familiae
2571 2834 2785 2902 spuu-

316 2946 586 2996 sorum
639 2946 738 2996 ex
785 2926 1437 2995 matrimoniorum
1474 2925 1807 2995 eruenda
1844 2925 2172 3012 regestis,
2206 2944 2304 2995 ex
2335 2943 2482 3011 qua
2517 2924 2785 2993 arbai-22

318 3032 527 3103 clare
574 3033 958 3120 apparebit
988 3052 1086 3101 an
1123 3032 1688 3102 matrimonium
1722 3032 1917 3101 intra
1946 3032 2231 3121 gradus
2263 3052 2307 3102 a
2348 3032 2508 3100 iure
2551 3034 2785 3117 prulli-

319 3141 520 3209 bitos
552 3140 809 3209 initum
844 3140 1078 3226 fuerit,
1108 3140 1221 3209 vel
1257 3159 1431 3209 non.
1459 3178 1504 3187 -
1533 3140 1629 3208 Ita
1668 3140 1941 3226 pariter
1965 3158 2063 3208 ex
2089 3137 2637 3226 parochialibus
2673 3138 2785 3202 lm-

321 3248 767 3334 ptizatorum
794 3256 926 3319 aut
948 3246 1567 3318 confirmatorum
1610 3246 1813 3316 libris
1854 3247 2137 3316 eruitur
2164 3251 2414 3343 utrum
2447 3250 2785 3335 coquam

318 3351 740 3442 spiritualis
766 3354 912 3424 initi
946 3355 1270 3441 coniugii
1304 3363 1642 3443 tempore
1677 3354 1866 3424 inter
1899 3354 2420 3424 contrahentes
2453 3353 2781 3421 extiterit,

462 3459 541 3528 Si
572 3477 803 3530 causa
834 3461 1406 3531 matrimonialis
1438 3466 1708 3551 agatur
1739 3460 1839 3529 ob
1871 3458 2141 3528 stantis
2173 3458 2423 3528 adhuc
2448 3457 2785 3547 foederis

317 3584 464 3634 seu
525 3564 895 3652 liquaminis
956 3569 1619 3656 impedimentum,
1684 3566 2127 3655 inquirenda
2187 3574 2412 3653 atque
2472 3564 2567 3634 ad
2625 3574 2777 3634 avt„

320 3669 719 3743 referenda
764 3676 837 3744 in
885 3676 1145 3763 primis
1179 3677 1314 3745 erit
1350 3676 1861 3763 praecedentis
1892 3674 2241 3762 nuptialis
2286 3671 2608 3743 foederis
2641 3674 2777 3738 iniri

320 3781 707 3867 attaetatiO,
757 3801 846 3852 ac
894 3783 1063 3853 dein
1122 3783 1636 3853 authenticum
1687 3768 2011 3871 diligenti
2058 3781 2303 3850 studio
2349 3779 2785 3866 exquiratur

320 3884 865 3959 documentum
897 3890 994 3960 de
1027 3895 1287 3961 secuta
1317 3890 1624 3959 alterius
1657 3889 1997 3976 coniugis
2029 3892 2268 3956 morte
2319 3909 2356 3950 «
2389 3894 2777 3956 exaratum

326 4018 364 4061 «ι
398 3998 692 4082 scilicet,
754 4005 834 4067 ut
877 3999 1095 4067 docet
1151 4015 1560 4085 supremae
1608 3995 1681 4065 S.
1713 3973 1803 4064 ‘C.
1871 3995 2280 4081 Instructio,
2328 4013 2428 4062 ex
2475 3998 2781 4080 reges-iia.-

327 4127 366 4169 ‹
400 4106 801 4194 parochiae
836 4106 953 4175 vel
985 4105 1458 4189 xenodochii,
1498 4104 1615 4173 vel
1647 4103 1964 4187 militiae,
2001 4102 2117 4171 vel
2151 4102 2391 4187 etiam,
2433 4101 2495 4168 si
2529 4100 2777 4168 haum-i

327 4236 366 4279 «
400 4219 725 4303 nequeat
769 4213 866 4283 ab
915 4213 1346 4282 auctoritate
1386 4210 1904 4296 ecclesiastica,
1937 4228 1981 4279 a
2014 4209 2378 4298 gubernio
2426 4205 2614 4275 civili
2653 4206 2778 4270 invi

328 4343 367 4386 «
399 4323 473 4390 in
525 4340 698 4409 quo,
748 4326 830 4389 ut
872 4319 1343 4407 supponitur,
1402 4335 1727 4405 persona
1777 4316 2037 4385 obierit
2081 4337 2118 4380 »
2151 4314 2194 4381 ¹.
2245 4312 2456 4395 Quod
2492 4312 2557 4381 si
2602 4314 2785 4382 eine--

460 4552 480 4589 ¹
524 4549 682 4610 Vide
744 4549 915 4609 infra
952 4548 1015 4609 iu
1060 4547 1359 4623 Append.
1403 4548 1502 4605 8⁰.
1551 4564 1870 4625 supremae
1915 4547 1978 4605 S.
2027 4545 2093 4607 G.
2142 4546 2653 4603 Instructionem
2701 4550 2785 4594 κων

320 4649 743 4727 probandum
785 4649 1030 4706 obitum
1075 4648 1368 4705 alicuius
1412 4647 1738 4720 coniugis·
