3509 5317
736 481 873 541 -9-

190 644 209 685 ‹
226 622 303 691 lum
317 627 603 708 superterram:
620 622 700 707 ipse
713 639 814 689 nunc
830 619 987 688 Domine
1002 616 1127 687 emitte
1143 634 1299 685 manum
1314 621 1415 683 tuam

190 730 272 799 «de
295 737 426 801 sancto
451 730 662 801 habitaculo
687 737 760 815 tu0,
777 733 813 798 et
827 727 1001 798 consocia
1021 745 1175 795 servum
1191 729 1299 794 tuum
1323 725 1366 793 N.
1383 726 1419 791 et

189 837 399 906 «ancillam
423 842 527 908 tuam
551 839 593 907 N.
617 831 704 925 quia
724 845 794 906 ate
807 836 887 904 viro
899 838 1094 921 coaptatur
1107 832 1251 902 mulier.
1276 831 1416 918 Copula

189 945 307 1014 «illos
331 945 499 1014 unanimi
521 963 732 1031 consensu;
756 962 895 1013 corona
923 941 1005 1011 illos
1039 941 1074 1009 in
1099 958 1253 1011 carnem
1288 956 1416 1023 unam,

189 1073 210 1116 1
225 1053 347 1123 tribue
362 1053 432 1122 illis
448 1052 612 1123 fructum
629 1053 778 1140 ventris,
797 1050 912 1139 prolis
927 1049 1150 1119 fruitionem.
1175 1047 1266 1129 Quia
1281 1051 1344 1116 tua
1361 1049 1418 1115 est

187 1181 208 1224 t
223 1163 384 1249 potentia
410 1167 513 1230 etc.»
541 1161 562 1228 ².
1379 1145 1382 1150 ’

255 1271 344 1339 Post
366 1270 465 1339 hanc
487 1270 694 1341 orationem
718 1268 907 1351 sacerdos
931 1265 1095 1352 acceptis
1110 1263 1269 1349 coronis
1294 1262 1415 1350 primo

65 1429 68 1433 -
184 1381 342 1447 coronat
363 1396 549 1464 sponsum
573 1376 719 1446 dicens:
745 1374 988 1445 «Coronatur
1012 1392 1148 1443 servus
1171 1372 1236 1441 Dei
1259 1374 1302 1440 N.
1327 1389 1412 1459 pro·

187 1488 306 1569 «pter
335 1483 507 1555 ancillam
540 1484 604 1554 Dei
627 1484 669 1551 Ν.
694 1482 730 1550 in
755 1481 907 1551 nonime
937 1480 1057 1549 Patris
1081 1486 1116 1549 et
1140 1478 1216 1548 Filii
1242 1483 1278 1547 et
1304 1477 1414 1565 Spiri-

187 1595 286 1661 «tus
309 1593 475 1662 sancti».
510 1628 531 1640 -
566 1591 707 1660 Deinde
741 1601 904 1661 coronat
928 1606 1111 1675 sponsam
1135 1586 1279 1656 dicens:
1317 1586 1416 1656 «Co

187 1702 378 1767 ‹ronatur
402 1697 534 1768 ancilla
560 1698 621 1766 Dei
646 1698 689 1765 Ν.
713 1702 866 1785 propter
888 1712 1044 1765 servum
1068 1693 1133 1764 Dei
1152 1694 1195 1761 N.
1208 1693 1245 1761 in
1261 1692 1414 1762 nomine

187 1803 342 1873 «Patris
358 1809 394 1874 et
415 1804 492 1873 Filii
509 1809 546 1873 et
560 1803 719 1890 Spiritus
742 1803 858 1873 sancti
870 1824 902 1870 ».
925 1839 949 1849 -
971 1802 1067 1871 Tum
1093 1800 1274 1871 benedicit
1289 1801 1344 1869 eis
1361 1805 1415 1870 ter

184 1910 336 1984 dicens:
374 1912 566 1982 «Domine
601 1913 702 1980 Deus
737 1916 863 1979 noster
890 1908 1006 1997 gloria
1035 1909 1238 1978 ethonore
1273 1925 1412 1977 corona

183 2017 302 2090 illos»
322 2016 344 2087 ².

251 2127 283 2195 6.
308 2127 443 2197 Verbis
456 2127 525 2196 illis
537 2132 744 2197 coronatur
755 2129 824 2196 etc.
832 2124 1037 2196 sacerdotis
1056 2142 1122 2193 ore
1141 2122 1295 2210 prolatis
1308 2143 1327 2186 ‹
1339 2141 1415 2193 ma·

184 2234 358 2305 trimonio
383 2240 473 2322 rat0,
498 2240 539 2306 ut
560 2235 687 2304 scribit
709 2234 878 2320 Goarius,
903 2236 940 2302 et
962 2252 983 2301 a
1008 2230 1231 2319 coniugibus
1254 2229 1413 2317 legitime

183 2347 418 2414 contracto...
442 2343 694 2413 testimonium
719 2340 841 2410 reddit
862 2338 1037 2423 Ecclesia;
1062 2357 1107 2408 ac
1123 2338 1259 2406 idcirco
1275 2355 1413 2406 sensus

183 2447 333 2518 illorum
357 2448 513 2519 solerter
536 2455 594 2519 est
615 2448 875 2518 attendendus.
900 2449 983 2515 Non
996 2446 1096 2516 enirn
1115 2443 1330 2513 huiusmodi
1346 2449 1411 2528 est,

185 2556 367 2643 utprima
390 2554 485 2626 facie
504 2560 630 2644 potest
650 2554 786 2625 videri:
806 2554 973 2625 Coronat
994 2570 1132 2622 servus
1155 2551 1220 2620 Dei
1244 2552 1287 2618 Ν.
1304 2548 1415 2619 ancil·
1491 2582 1505 2586 ·<

184 2662 261 2733 lam
284 2664 349 2732 Dei
373 2664 415 2731 N.
439 2663 475 2731 in
499 2663 651 2732 nomine
675 2666 742 2731 etc.
767 2661 835 2742 Qui
860 2679 1027 2747 namque
1050 2669 1248 2728 coronaret
1263 2655 1412 2725 coronis
1528 2657 1536 2674 ⁸

181 2768 263 2854 ipse
287 2769 499 2839 subiectus?
522 2768 590 2838 sed
615 2769 757 2857 potius:
781 2767 991 2837 Coronatur
1013 2784 1149 2836 servus
1173 2765 1236 2833 Dei
1261 2764 1412 2848 N.·pro·

181 2881 266 2963 pter
287 2876 460 2946 ancillam
485 2877 548 2946 Dei
573 2877 628 2963 Ν.,
651 2876 746 2945 idest
768 2894 930 2945 coronas
960 2873 1145 2963 nuptiales
1177 2873 1276 2943 subit
1305 2872 1341 2940 in
1365 2871 1411 2941 si·

181 3000 301 3070 gnum
325 2980 485 3053 foederis
508 2982 715 3072 coniugalis
746 3001 835 3053 curn
858 2980 992 3052 anciila
1018 2981 1081 3049 Dei
1105 2981 1147 3047 Ν.
1172 2979 1365 3064 contracti;
1390 3013 1411 3027 -

181 3088 242 3157 vel
266 3094 380 3157 certe:
404 3088 610 3159 Coronatur
632 3106 770 3159 servus
793 3089 857 3160 Dei
883 3090 925 3157 N.
949 3090 986 3156 in
1010 3087 1183 3160 ancillam
1207 3085 1271 3155 Dei
1295 3085 1412 3171 Npa-

182 3196 271 3264 riter
294 3201 512 3266 coronatam
539 3215 711 3284 uxorem,
737 3197 899 3285 legitimo
924 3196 1171 3282 matrimonio,
1189 3195 1246 3264 his
1262 3193 1411 3264 coronis

180 3299 387 3388 designato,
410 3302 676 3390 accipiendam.
698 3340 721 3373 .-
746 3302 992 3372 Coronandos
1016 3320 1181 3389 namque
1205 3321 1248 3371 se
1279 3307 1410 3370 mutuo
1523 3313 1525 3316 ’

180 3408 311 3495 sponsi
342 3409 578 3493 exhibentes,
611 3410 890 3480 matrimonium
922 3410 1143 3480 contrahere
1177 3408 1407 3497 profitentur,

180 3518 294 3602 atque
316 3516 376 3584 bic
399 3535 449 3586 ex
471 3534 660 3587 consensu
685 3523 721 3586 et
743 3515 880 3587 affectu
909 3519 945 3585 in
977 3517 1137 3586 alterum
1162 3535 1203 3586 se
1235 3517 1408 3585 coronari

179 3622 384 3709 permittit»
405 3622 428 3690 ⁸.
462 3624 542 3693 Hoc
567 3626 675 3713 igitur
690 3620 859 3693 ’1111111111
888 3621 1115 3712 solemnique
1148 3622 1252 3714 stpno
1279 3623 1409 3708 sponsi

179 3732 275 3800 ritus
297 3730 484 3801 orientalis
509 3740 682 3801 mutuum
707 3732 754 3801 de
778 3733 964 3819 praesenti
981 3749 1210 3801 consensum
1237 3731 1272 3798 in
1291 3730 1410 3800 matri·

180 3839 351 3909 monium
376 3842 577 3926 praestant,
602 3857 677 3908 non
702 3845 826 3909 autem
859 3836 1046 3927 eaepd'citis
1077 3836 1212 3923 perbis,
1241 3841 1281 3907 ut
1307 3836 1409 3924 apud

178 3946 280 4016 latini
304 3947 397 4016 ritus
420 3944 551 4016 ildeles
576 3964 660 4016 mos
684 3955 758 4015 est:
783 3947 847 4034 qui
864 3948 958 4022 ,item
982 3947 1013 4014 si
1037 3945 1239 4033 aliquando
1263 3943 1354 4015 solis
1365 3944 1410 4013 si·
1513 3939 1541 3966 “

247 4294 257 4332 ¹
279 4295 359 4355 Vide
379 4296 457 4372 apud
479 4296 572 4354 Goar.
599 4296 724 4372 longum
748 4294 895 4369 Officium
923 4295 1144 4352 coronationis
1167 4295 1365 4368 nuptiarum
1390 4313 1409 4354 a

173 4410 254 4469 pap.
274 4391 342 4449 314
364 4394 402 4452 ad
421 4410 497 4469 pap.
516 4392 594 4470 320,
615 4400 647 4454 et
668 4394 718 4452 hic
739 4393 930 4469 exscriptam
952 4391 1122 4451 orationem
1141 4406 1220 4467 pop.
1245 4391 1337 4452 317..

245 4491 258 4529 ²
280 4493 368 4569 Apud
389 4492 482 4551 Goar.
508 4494 528 4550 1.
554 4511 581 4551 c.
602 4506 701 4568 pepp.
727 4490 900 4568 317-318.
958 4561 961 4568 ¹
1121 4561 1123 4564 ι

244 4587 257 4626 ⁸
279 4592 374 4649 Goar.
391 4589 449 4649 loc.
463 4591 517 4651 cit.
533 4590 576 4649 In
592 4590 738 4664 Officium
760 4591 984 4648 coronationis
1001 4596 1108 4659 notae,
1119 4606 1198 4664 pap.
1216 4588 1295 4658 324,
1318 4608 1352 4647 n.
1369 4593 1403 4653 6.
