3509 5317
156 679 246 749 tiam
272 678 321 749 ab
344 676 415 746 aiio
438 675 610 757 tribunali
631 676 839 765 postulare3
864 694 979 765 quam
1003 676 1288 764 appellationem
1317 675 1390 763 pri·

157 804 248 856 mus
267 786 382 857 iudex
404 784 585 873 impedire
602 783 706 854 nulla
721 802 891 872 unquam
916 784 1058 854 ratione
1074 783 1215 871 poterit.
1241 783 1390 853 Interim

156 893 374 964 nullatenus
397 892 629 980 permittetur
652 892 823 978 partibus
846 909 967 961 novas
991 890 1139 977 nuptias
1154 889 1257 959 inire.

227 999 408 1087 Quamvis
435 996 671 1085 appellationi
703 996 1000 1085 interponendae
1034 994 1125 1064 nulli
1148 992 1279 1064 fatales
1312 995 1393 1065 dies

157 1105 296 1175 vinculi
320 1102 507 1176 defensori
530 1104 656 1174 statuti
679 1104 763 1191 sint,
786 1104 1002 1175 curandum
1026 1107 1152 1173 tamen
1177 1110 1218 1172 ut
1239 1108 1393 1189 quanto·

157 1214 240 1284 cius
264 1213 300 1281 id
324 1212 398 1283 fiat.
424 1212 530 1295 Quod
554 1213 589 1281 si
608 1210 785 1291 defensor
809 1212 890 1299 ipse
915 1212 987 1281 hoc
1010 1228 1152 1280 munus
1175 1208 1391 1297 neglexerit,

157 1322 330 1410 compelli
354 1322 402 1391 ad
427 1320 462 1389 id
478 1320 611 1408 poterit
626 1320 683 1390 vel
699 1340 722 1390 a
738 1312 813 1388 suo'
826 1320 1022 1407 Episcopo,
1040 1318 1098 1388 vel
1115 1317 1226 1387 etiam
1244 1315 1293 1387 ab
1316 1314 1390 1402 illo,

100 1477 103 1482 -
156 1430 259 1519 apud
284 1446 400 1518 quem
422 1428 470 1501 de
492 1428 573 1497 iure
596 1423 793 1515 appellatio
817 1432 918 1497 esset
939 1425 1118 1497 iacienda.

224 1539 323 1621 526.
348 1536 448 1606 Ordo
472 1534 728 1623 appellationis
750 1535 818 1605 erit
840 1539 953 1622 prout
982 1533 1161 1622 sequitur.
1196 1532 1233 1603 Si
1269 1530 1389 1618 prima

156 1645 335 1715 sententia
360 1665 383 1715 a
406 1643 510 1713 curia
534 1643 743 1730 Episcopali
768 1642 838 1717 lata
863 1640 990 1729 luerit,
1021 1640 1218 1729 appellatio
1249 1637 1311 1709 flet
1340 1637 1389 1708 ad

156 1751 303 1822 curiam
326 1749 667 1838 Metropolitanam;
692 1750 725 1819 si
750 1769 837 1821 vero
860 1771 883 1821 a
907 1751 1009 1821 curia
1034 1747 1313 1836 Metropolitana
1345 1764 1388 1816 ea

157 1858 343 1948 prodierit,
368 1856 614 1946 appellabitur
637 1858 698 1945 ad
713 1857 858 1927 curiam
892 1856 1215 1944 Metropolitanam
1247 1853 1392 1924 vicinio

157 1984 252 2036 rem.
275 1964 331 2033 Ad
357 1964 394 2035 S.
418 1964 555 2034 Sedem
579 1964 774 2052 appellatio
799 1965 866 2033 erit
881 1983 1033 2051 semper
1047 1963 1225 2049 facienda,
1244 1964 1391 2051 quoties

157 2076 303 2164 primae
326 2073 424 2143 duae
448 2072 651 2143 sententiae
669 2073 763 2142 inter
777 2091 820 2142 se
836 2071 1050 2143 conformes
1066 2089 1141 2140 non
1161 2070 1306 2157 fuerint
1320 2070 1390 2139 nisi

158 2182 327 2268 partibus
350 2180 529 2267 placuerit
550 2197 727 2251 caussam
752 2181 801 2249 ad
826 2180 946 2266 ipsam
972 2180 1018 2249 S.·
1033 2179 1170 2249 Sedem
1206 2177 1256 2246 ab
1291 2176 1389 2245 initio

157 2294 193 2358 et
217 2287 429 2358 immediate
451 2285 606 2357 deferre.

225 2396 324 2479 527.
349 2396 458 2465 Facta
482 2393 738 2482 appellatione,
763 2396 972 2482 Episcopus
995 2413 1064 2464 seu
1089 2392 1307 2462 Ordinarius
1326 2392 1391 2480 qui

158 2503 321 2591 primam
356 2502 575 2573 sententiam
609 2501 773 2589 protulit,
805 2521 889 2572 eam
926 2502 1112 2571 remittere
1140 2500 1288 2570 debebit
1314 2518 1389 2569 una

157 2628 245 2680 cum
271 2610 412 2698 integro
435 2627 640 2696 processu,
665 2608 896 2696 caeterisque
923 2598 1106 2678 bmnibus
1132 2607 1181 2677 ad
1212 2624 1389 2677 caussam
1472 2610 1476 2616 ’

157 2719 291 2787 iterum
314 2716 552 2785 iudicandam
577 2715 852 2804 pertinentibus,
878 2716 926 2786 ad
950 2716 1108 2785 tribunal
1132 2715 1180 2786 ad
1207 2714 1307 2802 quod
1329 2734 1391 2803 ap

159 2825 336 2914 pellatam
360 2828 426 2894 est.
477 2849 481 2855 ·

224 2935 323 3017 §28
347 2934 428 3001 Hoc
451 2938 577 3002 autem
602 2932 728 3002 omnia
751 2951 774 3001 a
798 2931 919 3019 primo
943 2931 1117 3003 tribunali
1141 2936 1289 3019 peracta
1316 2930 1391 3000 dili·

157 3047 287 3128 genter
310 3039 548 3125 examinabit
572 3043 685 3127 atque
708 3058 752 3109 ea
777 3038 902 3110 omnia
927 3045 1081 3128 peraget
1104 3058 1202 3127 uuae
1219 3057 1389 3110 necessa·

158 3148 213 3233 ria
237 3146 470 3233 videbuntur,
496 3152 536 3214 ut
558 3143 728 3216 delectus
750 3146 1006 3234 suppleantur,
1024 3147 1138 3217 dubia
1159 3146 1390 3215 elucidantur

158 3263 194 3324 et
216 3272 365 3324 errores
388 3253 631 3341 corrigantur.
655 3253 824 3322 Huncin
849 3251 976 3338 finem,
1005 3260 1202 3341 praesente
1238 3271 1391 3340 semper

159 3360 292 3431 vinculi
310 3358 506 3447 defensore
521 3361 557 3429 in
575 3360 679 3429 curia
694 3361 893 3437 constituto
911 3360 969 3439 vel
984 3361 1192 3447 specialiter
1207 3361 1388 3449 delegato,

158 3470 338 3556 coniuges
362 3468 599 3553 examinabit
624 3467 925 3555 investigationes
951 3467 1113 3537 instituet
1146 3466 1244 3536 circa
1282 3466 1393 3536 docu-

158 3585 283 3646 menta
307 3576 422 3664 priori
445 3575 617 3644 tribunali
642 3575 815 3661 exhibita,
840 3579 962 3657 testes
986 3594 1008 3644 a
1034 3575 1172 3662 quibus
1195 3592 1319 3644 novae
1343 3574 1392 3642 in·

157 3681 398 3753 formationes
411 3682 549 3751 hauriri
566 3682 718 3769 possint
736 3682 871 3751 iterum
886 3682 1020 3752 audiet.
1038 3682 1117 3750 lmo
1135 3681 1391 3768 poteritetiam

137 3790 424 3878 praescribere,
449 3793 489 3858 ut
512 3808 635 3858 novus
659 3806 863 3876 processus
886 3808 937 3857 ex
960 3789 1103 3877 integro
1122 3787 1351 3858 conficiatur.

225 3897 369 3966 Verum
394 3902 580 3984 quatenus
605 3895 749 3965 validae
765 3895 899 3965 'desint
933 3896 1096 3965 rationes
1130 3913 1272 3964 novum
1308 3914 1390 3983 pro·

158 4022 309 4074 cessum
334 4002 517 4092 exigendi,
535 4002 741 4072 consultius
757 4003 834 4089 erit
851 4003 1072 4089 praesertim
1089 4002 1121 4071 si
1137 4019 1387 4089 personarum

159 4120 196 4182 et
219 4111 386 4180 locorum
423 4109 723 4180 circumstantiae
749 4110 784 4177 id
808 4110 1025 4196 suaserint,
1042 4113 1082 4179 ut
1104 4126 1285 4197 processu
1316 4108 1391 4178 iam

157 4217 307 4306 expleto
331 4221 464 4303 utatur,
482 4216 625 4285 indictis
642 4222 766 4286 amen
783 4216 1022 4286 ulterioribus
1044 4214 1391 4305 investigationibus

158 4343 256 4413 quas
278 4324 513 4395 necessarias
536 4322 761 4394 iudicaverit.

225 4430 332 4514 Quod
359 4431 390 4500 si
414 4449 555 4500 novum
580 4448 803 4518 processum
833 4428 1046 4501 faciendum
1078 4448 1163 4499 esse
1193 4429 1393 4515 censuerit,

158 4538 361 4609 methodus
383 4557 500 4627 supra
530 4537 714 4627 descripta
750 4536 937 4607 servanda
969 4538 1046 4607 erit.
1076 4536 1113 4607 Si
1147 4554 1236 4605 vero
1265 4535 1394 4624 aliqua

158 4651 303 4717 tantum
319 4664 425 4729 nova
449 4651 530 4716 acta
553 4644 801 4733 adiungenda,
820 4644 885 4717 ‚vel
902 4646 990 4713 novi
1005 4643 1144 4732 aliquid
1168 4642 1390 4731 investigan-
