3509 5317
750 527 930 589 -307-

292 669 347 737 24.
371 667 476 748 Quae
491 684 579 735 cum
598 666 646 737 ita
664 666 746 750 sint,
765 671 897 736 uttam
916 665 1149 754 parochiales
1164 668 1322 753 codices,
1340 686 1455 754 quem

216 772 544 843 luculentissimae
567 772 716 842 testium
742 772 995 860 depositiones
1018 772 1137 842 amice
1172 773 1386 859 coniurent,
1411 794 1456 845 ec

217 881 441 970 plenissime
464 880 632 968 probent,
666 878 797 949 litium
822 880 857 949 S.
883 885 918 950 et
942 881 1101 949 Bertam
1124 880 1170 948 B.
1195 898 1279 950 esse
1299 881 1393 950 inter
1414 900 1456 949 se

217 988 445 1059 coniunctos
480 989 584 1058 tertio
618 987 948 1076 consanguinitatis
970 986 1112 1076 gredo,
1139 985 1221 1056 luce
1251 986 1455 1056 meridiana

217 1097 364 1167 clarius
386 1102 552 1183 apparet,
578 1115 711 1166 eorum
737 1095 1017 1166 matrimonium
1041 1095 1101 1164 die
1116 1097 1159 1165 15
1174 1093 1348 1165 februarii
1367 1097 1453 1164 1873

219 1206 264 1274 in
287 1202 490 1273 cathedrali
513 1204 680 1274 Ecclesia
702 1204 756 1289 N,
781 1203 927 1289 absque
951 1201 1151 1289 apostolice
1176 1201 1455 1288 dispensatione

218 1313 466 1399 celebratum,
491 1310 606 1381 luisse
629 1318 665 1382 et
688 1329 774 1382 esse
797 1311 880 1397 ipso
903 1312 984 1380 iure
1000 1309 1144 1378 nullum
1161 1315 1273 1397 etque
1290 1308 1453 1378 irritum:

218 1420 431 1508 quoderat
455 1419 720 1506 inquirendum
744 1417 831 1504 (rai
855 1417 1003 1505 praec).

669 1602 682 1609 ”
806 1631 883 1714 §a

221 1791 482 1883 Apostolieom
508 1790 826 1882 dispensationem
848 1792 887 1860 in
910 1811 1001 1862 ense
1024 1745 1215 1880 defecisse¹
1231 1790 1453 1862 ostenditur.

295 1967 349 2034 25.
375 1965 491 2034 Porro
516 1965 619 2052 quod
644 1983 774 2035 revere
799 1983 876 2033 non
900 1965 1146 2053 praecesserit
1168 1960 1456 2051 apostolisatis·

223 2073 395 2162 pensatio
418 2091 535 2159 super
558 2072 776 2142 huiusmodi
801 2072 1067 2158 impedimento
1091 2072 1371 2141 matrimonium
1407 2073 1457 2139 di-

221 2180 392 2265 rimente,
418 2198 467 2248 ex
490 2179 663 2266 pluribus
686 2182 838 2248 constat.
863 2181 918 2247 Ao
942 2179 1063 2265 primo
1086 2179 1236 2266 quidem
1262 2198 1349 2247 cum
1368 2180 1456 2248 nihil

223 2285 380 2356 volitum
406 2287 495 2374 quin
520 2285 816 2374 praecognitum,
840 2303 886 2354 so
908 2292 1010 2355 certo
1026 2291 1178 2371 constet,
1196 2291 1366 2372 tempore
1382 2287 1455 2356 initi

223 2394 450 2463 matrimonii
475 2393 666 2463 neminem
691 2392 739 2461 de
763 2391 1029 2478 impedimento
1053 2392 1247 2481 cogitasse,
1266 2412 1313 2463 ne
1330 2394 1455 2481 ipsum

221 2502 379 2595 quidem
402 2502 612 2589 parocbum
638 2519 683 2569 ac
706 2501 804 2568 duos
827 2504 941 2569 testes
966 2501 1125 2586 iuratos,
1151 2502 1215 2588 qui
1239 2502 1354 2568 immo
1379 2502 1456 2569 nul·

222 2609 307 2678 lum
331 2608 425 2678 inter
447 2609 712 2678 contrahentes
734 2607 1043 2693 impedimentum
1069 2612 1198 2678 extare
1221 2607 1354 2678 Curiae
1384 2609 1455 2695 epi·

221 2715 368 2803 scopali
391 2715 509 2785 testati
546 2714 694 2785 inerant
728 2715 863 2801 (praec.
890 2735 924 2781 n.
949 2714 998 2800 1),
1025 2715 1111 2784 hinc
1138 2714 1454 2802 dispensationem

221 2828 353 2910 petere
369 2839 482 2891 nemo
499 2822 616 2909 potuit
631 2839 746 2909 super
764 2821 889 2908 ignoto
913 2820 1189 2909 impedimento.
1213 2860 1236 2870 -
1259 2823 1455 2891 Praeterea

221 2931 386 3017 ipsamet
409 2929 631 3016 episcopalis
648 2929 755 2998 Curis
781 2934 947 3015 testetur,
965 2931 1156 2999 neminem
1172 2947 1222 2997 ex
1238 2928 1457 2998 contraben-

221 3040 346 3124 tibus,
370 3058 440 3109 neo
475 3057 707 3127 quemquam
744 3037 858 3108 alium
883 3058 952 3126 pro
976 3039 1068 3125 ipsis
1091 3057 1259 3126 unquam
1295 3037 1454 3123 petiisse,

222 3147 433 3217 obtinuisse
455 3165 501 3217 sc
523 3145 740 3215 extabuisse
763 3145 885 3217 eidem
910 3147 1043 3217 Curise
1067 3146 1182 3216 ullam
1217 3146 1457 3233 dispensatio·

222 3270 317 3323 nem
332 3272 448 3340 super
464 3272 595 3323 eorum
620 3252 766 3341 publico
790 3254 1055 3340 impedimento
1072 3253 1403 3341 consanguinitatis
1420 3252 1454 3317 in

223 3360 333 3430 tertio
356 3360 488 3448 gradu.
513 3361 710 3430 Neminem
736 3378 826 3430 vero
851 3360 947 3445 latet,
972 3359 1074 3446 quod
1098 3358 1144 3427 de
1168 3360 1264 3446 stylo
1289 3363 1368 3428 tum
1389 3361 1456 3428 Da·

221 3466 342 3537 tariae
365 3466 601 3554 apostolicae,
627 3478 706 3537 tum
731 3486 864 3537 sacrae
887 3467 1191 3536 Poenitentiariae
1215 3467 1297 3553 (pro
1322 3486 1457 3553 paupe·

222 3573 345 3659 ribus)
369 3573 522 3643 concedi
548 3573 777 3662 dispensatio
794 3593 868 3643 non
887 3574 1006 3644 soleat
1020 3592 1136 3661 super
1160 3572 1375 3642 huiusmodi
1391 3592 1457 3660 pu-

224 3676 328 3748 blicis
352 3681 628 3767 impedimentis
652 3682 797 3769 absque
835 3682 959 3751 litteris
994 3679 1301 3750 testimonialibus
1324 3679 1456 3748 Curiae

223 3785 451 3874 episcopalis
474 3787 649 3858 Oratoris.
674 3826 696 3840 -
719 3791 765 3857 At
787 3790 874 3860 dato
899 3789 1009 3859 etiam
1033 3786 1134 3875 quod
1158 3787 1359 3874 aliquando
1375 3787 1456 3855 abs-

223 3912 303 3983 que
326 3891 499 3981 praelatis
524 3894 650 3980 litteris
684 3897 981 3983 dispensationes
1013 3894 1286 3981 concedantur,
1312 3900 1454 3964 certum

224 4005 295 4085 est,
319 4001 556 4071 Ordinarium
583 4022 649 4074 eas
672 4004 845 4093 ignorare
880 4023 955 4072 non
990 4022 1114 4091 posse.
1152 4002 1281 4071 «Olim
1307 4002 1455 4089 quippe,

226 4132 247 4172 ‹
265 4109 317 4178 uti
339 4108 466 4177 scribit
489 4109 699 4196 CorraduS,
726 4111 942 4181 huiusmodi
976 4110 1274 4197 dispensationes
1303 4110 1339 4177 in
1375 4109 1455 4195 ipsa

227 4233 426 4285 «romena
448 4215 570 4302 Curio,
594 4234 733 4287 causae
757 4219 976 4306 cognitione,
1001 4222 1316 4303 narrstonrmque
1339 4213 1458 4282 verili-

226 4348 246 4389 ‹
262 4323 409 4393 catione
434 4323 689 4410 praecedente,
707 4325 742 4393 in
767 4323 887 4394 torma
905 4326 1066 4413 gratiosa
1085 4332 1125 4393 ut
1145 4322 1350 4409 plurimum
1372 4339 1458 4389 con-

226 4429 529 4503 «cedebantur»
556 4432 672 4519 (Pyrr.
697 4431 908 4501 Corradus:
933 4421 1265 4518 Prooers'dispens.
1282 4427 1304 4497 i.
1323 4431 1353 4497 7.
1377 4448 1407 4496 c.
1426 4434 1455 4494 1.

223 4543 262 4613 in
285 4537 450 4625 csend).
475 4539 638 4625 Verum,
664 4544 703 4608 ut
726 4538 823 4608 idem
860 4538 909 4606 ibi
944 4542 980 4608 et
1013 4536 1224 4607 accuratius
1248 4535 1333 4606 alibi
1357 4542 1458 4603 notat

224 4674 244 4715 ‹
261 4652 421 4720 Decreto
444 4647 542 4715 sacri
566 4645 713 4715 Concilii
738 4644 932 4732 tridentini,
957 4663 1046 4713 sess.
1063 4646 1124 4712 22.
1147 4663 1178 4712 c.
1196 4646 1229 4711 5.
1253 4641 1299 4712 de
1323 4639 1454 4732 reson,
