3509 5317
1704 483 2061 545 ...460-

662 619 1201 690 admittendam
1270 640 1418 690 non
1487 640 1697 711 esse,
1745 626 1809 693 si
1858 624 2203 694 rescissio
2257 623 2718 713 proclamata
2762 622 2989 694 fuerit
3030 643 3133 692 ex

662 726 869 797 titulo
917 729 1014 797 ab
1062 728 1391 797 Ecclesia
1439 749 1587 798 non
1636 732 1924 819 agnito,
1977 732 2091 800 vel
2141 732 2458 801 servatis
2512 730 2909 800 servandis
2958 748 3132 800 esse

664 852 761 904 ex
808 833 1093 924 integro
1143 834 1689 921 instituendam,
1740 839 1802 906 si
1852 838 2305 907 contrarium
2357 838 2760 927 contigerit.
2821 839 2898 908 Si
2954 857 3131 907 vero

663 943 1070 1029 coniugum
1136 944 1508 1031 separatio
1576 944 1926 1015 acciderit
1989 945 2280 1033 absque
2336 945 2487 1014 ullo
2534 945 2825 1032 iudicio,
2880 946 3135 1014 obser·

664 1053 999 1125 vandum
1047 1055 1300 1120 utrum
1328 1069 1524 1138 parS,
1558 1071 1754 1140 quae
1801 1071 2056 1122 coram
2108 1051 2453 1122 tribunali
2502 1052 2867 1125 catholico
2898 1071 3130 1140 agere

664 1160 987 1244 intendit,
1020 1159 1440 1229 secundum
1477 1161 2037 1231 matrimonium
2070 1161 2524 1232 contraxerit
2564 1167 2734 1247 post
2780 1161 3130 1248 baptismi

663 1268 1216 1354 susceptionem
1247 1321 1263 1354 ,
1313 1285 1407 1336 an
1479 1277 1669 1338 ante.
1748 1267 1823 1337 Si
1897 1268 2452 1338 matrimonium
2532 1267 2883 1337 acciderit
2952 1287 3127 1338 cum

663 1379 873 1463 parte
918 1375 1276 1444 catholica
1330 1380 1495 1462 post
1542 1376 1890 1463 baptismi
1937 1376 2528 1463 susceptionem,
2580 1377 2718 1445 erit
2763 1377 3135 1464 inquiren-

663 1485 868 1569 dum,
907 1488 1157 1552 utrum
1207 1483 1696 1571 praecesserit
1741 1484 2082 1573 coniugis
2115 1485 2364 1555 adhuc
2405 1483 2723 1554 infidelis
2769 1487 3128 1556 canonica

661 1591 1166 1676 interpellatio,
1217 1603 1347 1660 aut
1399 1590 1663 1661 saltem
1720 1612 1761 1661 a
1814 1593 2133 1682 legitima
2181 1599 2542 1681 potestate
2610 1591 2830 1663 fuerit
2898 1612 3132 1681 super

664 1699 929 1767 eadem
963 1699 1545 1785 interpellatione
1576 1699 2115 1787 dispensatum.
2170 1704 2555 1783 Quatenus
2602 1704 3008 1773 constiterit
3036 1704 3128 1773 de

663 1804 848 1875 facta
919 1806 1504 1893 interpellatione
1573 1812 1705 1877 aut
1749 1809 1844 1877 de
1899 1808 2090 1879 illius
2159 1808 2745 1896 dispensatione,
2799 1811 3127 1898 primum

666 1914 1221 1983 matrimonium
1280 1916 1533 2002 nequit
1579 1915 1905 2003 amplius
1952 1917 2401 1987 constituere
2438 1915 2819 1986 vinculum
2872 1936 3133 1988 secun-

665 2023 845 2093 dum
907 2011 1362 2093 connubium
1430 2025 1753 2108 irritans3
1825 2031 2199 2112 quatenus
2248 2043 2427 2093 vero
2489 2042 2736 2112 neque
2798 2025 3135 2112 interpel-

668 2129 836 2198 latio
884 2149 1130 2218 neque
1177 2130 1512 2200 eiusdem
1549 2130 2004 2218 dispensatio
2054 2133 2565 2220 praecesserit,
2602 2133 2931 2220 primum
2985 2151 3134 2201 ma-

665 2238 1095 2308 trimonium
1144 2237 1468 2307 obstabit
1511 2237 1814 2325 quidem
1864 2239 2221 2325 secundO,
2275 2239 2409 2309 sed
2460 2239 2899 2310 Ordinarius
2950 2239 3131 2310 iudi-

667 2344 864 2414 cium
936 2344 1401 2431 suspendere
1473 2345 1809 2432 debebit,
1860 2353 1931 2415 et
1976 2366 2239 2416 casum
2312 2365 2489 2417 cum
2561 2347 2917 2417 omnibus
2973 2348 3134 2417 suis

666 2452 1240 2521 circumstantiis
1288 2453 1382 2521 ad
1434 2452 1505 2522 S.
1555 2453 1831 2522 Sedem
1884 2455 2271 2540 remittere,
2322 2474 2521 2543 quae
2567 2455 2705 2542 ipsi
2739 2455 3129 2524 Ordinario

666 2559 840 2644 quid
894 2557 1316 2629 faciendum
1364 2559 1473 2644 sit,
1525 2559 1891 2630 indicabit.
1940 2561 2052 2630 Ad
2104 2563 2579 2650 probandum
2629 2581 2830 2648 ver0,
2875 2562 3129 2632 utrum

666 2667 1149 2754 interpellatio
1199 2667 1316 2736 vel
1375 2669 1539 2736 eius
1585 2669 2039 2756 dispensatio
2104 2672 2637 2756 intercesserit,
2688 2669 3130 2741 consulendi

668 2780 887 2844 erunt
949 2775 1103 2845 libri
1167 2777 1850 2862 matrimoniorum,
1906 2778 2017 2848 vel
2078 2780 2295 2849 etiam
2363 2786 2650 2866 regesta
2710 2780 3007 2860 curiae,
3058 2780 3132 2847 in

625 2870 943 2969 'quibus
993 2884 1178 2952 haec
1225 2891 1572 2953 accurate
1619 2891 1838 2954 crunt
1882 2904 2185 2973 semper
2251 2886 2729 2957 recensenda.
2794 2888 3008 2969 Quod
3068 2888 3132 2957 si

669 2990 1089 3060 secundum
1141 2992 1697 3060 matrimonium
1733 2999 2195 3063 contractum
2247 2992 2463 3063 fuerit
2491 2994 2711 3062 etiam
2760 2995 2831 3061 in
2883 2992 3141 3064 infide-

669 3098 882 3183 litate,
917 3098 1559 3185 praesumendum
1590 3099 1895 3188 quidem
1925 3103 2057 3171 erit
2089 3102 2312 3188 quod,
2348 3105 2750 3187 antequam
2781 3119 3132 3188 persona,

669 3205 764 3274 de
810 3224 963 3292 qua
1008 3206 1268 3293 agitur,
1303 3206 1396 3274 ad
1448 3206 1908 3294 baptismum
1943 3209 2472 3292 admitteretur,
2516 3214 2813 3278 servata
2861 3206 3137 3278 fuerint
3216 3266 3222 3270 .

670 3311 940 3398 omnia,
991 3332 1186 3399 quae
1234 3331 1336 3381 ss.
1386 3331 1717 3383 canones
1768 3332 1903 3400 pro
1954 3315 2070 3384 his
2116 3315 2421 3384 casibus
2468 3319 2836 3402 statuunt;
2883 3315 3022 3385 sed
3069 3316 3137 3384 si

667 3421 1012 3490 institutis
1058 3425 1498 3509 opportunis
1545 3424 2235 3511 investigationibus
2291 3425 2541 3495 adhuc
2587 3425 2906 3494 dubium
2966 3424 3142 3494 sub—

670 3529 780 3611 sit,
831 3528 924 3596 ad
975 3529 1047 3598 S.
1096 3529 1369 3598 Sedem
1418 3530 1554 3598 erit
1600 3532 2163 3601 recurrendum.

1553 3742 2101 3819 ARTICULUS
2151 3747 2239 3813 V.

1393 3900 1479 3967 De
1527 3899 1949 3985 impedimento
1996 3906 2403 3988 impotentiae.

802 4065 846 4148 ἓ
889 4066 996 4133 46.
1047 4065 1160 4133 Ad
1210 4067 1813 4155 impugnandum
1883 4088 1981 4138 ex
2044 4071 2280 4157 capite
2348 4070 2821 4158 impotentiae
2896 4072 3141 4142 matri-

672 4173 1010 4240 monium
1059 4173 1541 4242 solummodo
1589 4176 1950 4262 coniuges
1996 4176 2504 4263 admittuntur,
2554 4178 2734 4266 quia
2794 4179 2975 4264 ipsis
3023 4198 3139 4249 so-

671 4275 1060 4346 lummodo
1110 4279 1251 4349 hoc
1321 4279 1597 4350 factum
1667 4283 2046 4371 cognitum
2099 4303 2268 4353 esse
2318 4291 2601 4372 potest,
2652 4292 2722 4355 et
2757 4287 2921 4373 ,ipsi
2982 4291 3138 4356 tan-

672 4385 1063 4454 tummodo
1112 4387 1205 4455 de
1255 4387 1394 4456 hac
1446 4407 1523 4457 re
1569 4388 1850 4458 solliciti
1901 4408 2072 4460 esse
2104 4391 2412 4461 debent.
2464 4393 2561 4463 Ut
2603 4405 2860 4481 autem
2908 4395 3140 4481 impo-

668 4492 887 4560 tentia
940 4493 1500 4562 matrimonium
1549 4502 2013 4566 contractum
2064 4498 2319 4585 irritet,
2372 4516 2687 4569 necesse
2734 4504 2865 4586 est,
2918 4505 3000 4570 ut
3046 4501 3141 4570 sit

670 4599 1124 4668 antecedens
1170 4605 1399 4688 atque
1443 4612 1823 4692 perpetua,
1860 4623 2055 4691 quae
2103 4605 2375 4675 scilicet
2413 4607 2880 4677 naturalibus
2910 4617 3138 4695 atque
