3509 5317
723 474 901 536 -143-

201 622 299 682 mata
325 610 441 681 fuisse
464 614 608 683 cunctis
624 615 884 704 theologorum
901 621 937 685 et
952 617 1234 685 canonistarum
1247 612 1438 701 suffragiis

198 719 428 791 clandestina
454 719 726 791 naereticorum
749 721 833 792 inita
859 726 896 790 et
911 721 1073 791 ineunda
1090 721 1261 809 coniugia
1280 721 1360 807 ipse
1376 737 1431 788 re·

198 820 274 897 iert‘
291 827 513 898 Benedictus
536 829 634 914 XIV,
659 829 772 899 variis
795 847 839 898 ac
870 828 1028 899 diversis
1057 827 1354 917 suffragantibus
1377 846 1434 896 ra·

199 935 340 1005 tionum
368 937 566 1005 momentis
591 936 613 1002 ¹.
639 935 798 1017 Quidam
821 937 921 1005 enim
949 937 997 1006 ita
1026 936 1287 1005 existimarunt
1310 953 1360 1004 ex
1387 951 1432 1004 eo
1541 952 1542 955 ’

1685 1038 1718 1065 2.

198 1042 301 1130 quod
325 1051 424 1112 certa
449 1062 494 1115 ac
518 1045 712 1131 perspicua
746 1044 894 1114 deesset
923 1043 1091 1131 probatio
1120 1044 1168 1113 de
1198 1048 1346 1131 peracta
1372 1062 1438 1130 pu-

198 1150 393 1219 blicatione
417 1151 552 1220 decreti
573 1150 607 1218 in
624 1169 850 1240 unaquaque
866 1150 1012 1243 illarum
1032 1152 1229 1240 regionum
1242 1150 1433 1238 parochia,

196 1292 219 1305 -
242 1257 312 1325 Alii
338 1257 433 1326 ultro
456 1259 565 1327 etiam
591 1257 758 1327 admissa
781 1265 866 1329 ante
889 1259 1016 1329 civiles
1040 1266 1166 1328 motus
1183 1257 1448 1345 publicatione*

197 1362 344 1450 decreti,
369 1383 458 1433 cum
483 1375 607 1435 tumen
632 1366 802 1434 nondum
825 1372 968 1450 exorta„
994 1384 1117 1454 neque
1139 1364 1208 1433 sibi
1233 1364 1430 1434 constituta

196 1473 286 1539 tunc
308 1477 408 1543 esset
430 1470 544 1542 ultera
570 1472 840 1541 haereticorum
864 1473 1033 1559 societas,
1060 1475 1151 1543 llaec
1168 1473 1269 1543 haud
1288 1472 1434 1541 videbu-

198 1586 258 1649 tur
281 1578 465 1648 eiusmodi
488 1578 737 1667 publicatione
759 1580 895 1649 decreti
919 1581 1097 1670 adstringi
1121 1580 1298 1669 potuisse.
1322 1616 1344 1629 -
1361 1577 1432 1647 Alii

197 1704 247 1754 ex
270 1687 408 1755 decreti
433 1693 559 1755 tenore
575 1705 619 1756 ac
637 1687 788 1756 Petrum
805 1686 1091 1756 tridentinorum
1110 1694 1233 1758 mente
1246 1688 1336 1757 satis
1353 1687 1434 1756 erui

197 1793 470 1879 existimabant
497 1793 747 1862 heterodoxus
770 1795 966 1865 societates
990 1814 1034 1865 ea
1060 1794 1141 1883 lege
1164 1814 1239 1863 non
1263 1813 1432 1882 compre·

198 1900 310 1968 nendi
335 1899 481 1971 debere.
507 1936 527 1947 -
550 1899 618 1968 Alii
651 1901 806 1969 demum
840 1901 1044 1971 catholicae
1075 1888 1262 1990 religionis
1293 1920 1433 1971 causae

197 2016 311 2096 atque
338 2004 474 2076 utilitati
505 2007 682 2094 expedire
715 2009 917 2095 prudenter
945 2008 1221 2096 existimarunt,
1248 2014 1288 2079 ut
1311 2008 1433 2079 valida

197 2115 384 2185 eiusmodi
408 2113 688 2193 declararentur
711 2115 909 2186 connubia.

264 2221 467 2291 Declaratis
497 2229 622 2290 autem
655 2219 784 2291 validis
819 2222 1066 2292 matrimoniis
1099 2224 1193 2291 inter
1231 2230 1436 2310 atramque

194 2333 349 2419 partem
372 2326 599 2397 liderctiecm
624 2327 728 2413 initis,
754 2329 864 2397 elium
888 2327 1017 2397 mirata
1032 2329 1205 2417 coniugia
1227 2328 1349 2399 valida
1374 2330 1434 2399 de·

196 2436 335 2505 clarata
360 2433 512 2504 luerunt
536 2441 723 2522 «propter
746 2433 1044 2505 individuitatem
1066 2440 1299 2520 contractae,
1321 2437 1355 2504 vi
1372 2455 1436 2505 cu·

198 2544 295 2611 «ius
318 2542 507 2628 exemptio
530 2560 628 2629 quae
653 2541 715 2610 uni
739 2560 789 2612 ex
813 2542 981 2630 portibus
1004 2545 1189 2630 competit
1202 2541 1250 2613 ad
1264 2542 1435 2629 alteram,

198 2649 446 2719 «secumlum
471 2648 581 2719 etiam
606 2648 732 2718 civiles
758 2650 869 2738 leges,
887 2648 1107 2733 extenditur,
1121 2650 1319 2737 eidemque
1335 2668 1434 2718 com·

198 2779 219 2820 a
236 2756 483 2827 munientur»
510 2752 533 2823 ².

264 2865 319 2933 En
345 2881 528 2951 quorsum
562 2863 730 2933 recidunt
752 2865 925 2951 rationes,
950 2865 999 2934 ob
1029 2883 1126 2953 quas
1149 2864 1235 2937 data
1266 2865 1436 2952 primum·

195 2968 264 3038 luit
286 2987 331 3039 ac
356 2968 439 3038 dein
465 2974 620 3039 extensa
634 2970 881 3056 ‘Benedictina
906 2971 1122 3057 DeclaratiO,
1141 2979 1181 3040 ut
1196 2989 1289 3039 mox
1312 2969 1432 3040 fusius

195 3078 412 3147 videbimus
435 3078 469 3145 in
495 3096 586 3147 casu
611 3079 759 3165 speciali
783 3077 808 3146 ⁸.
1431 3080 1434 3087 '

266 3187 320 3254 16.
345 3186 403 3254 Ex
426 3184 485 3254 his
508 3191 634 3254 autem
659 3188 732 3255 ium
757 3187 837 3256 erui
862 3191 992 3273 posset
1015 3185 1210 3273 responsio
1233 3186 1281 3256 ad
1298 3204 1430 3274 propo·

196 3294 308 3364 sitam
332 3295 591 3385 quaestionem
615 3295 663 3364 de
689 3293 817 3363 dolore
839 3292 1073 3363 matrimonii
1093 3292 1369 3363 haeretieorum
1393 3292 1431 3361 in

193 3417 341 3487 ponere·
367 3400 440 3471 Sed
464 3401 582 3471 satius
598 3406 762 3488 praestat
777 3400 959 3472 eiusmodi
974 3400 1181 3489 quaestioni
1199 3402 1451 3487 respondere·
1546 3430 1548 3435 ¹

196 3506 243 3575 iis
266 3525 364 3594 quae
387 3515 563 3576 accurate
586 3506 675 3578 Pius
699 3508 763 3576 Vll
789 3508 994 3595 apostolica
1016 3507 1142 3576 docuit
1164 3507 1383 3576 auctoritate
1407 3503 1431 3572 ⁴.

157 3662 162 3668 -
197 3614 236 3682 ls
258 3614 358 3682 enim
383 3611 552 3683 Pontifex
575 3615 787 3702 opinionem
813 3614 1034 3701 expendens
1057 3613 1215 3699 illorum,
1240 3615 1303 3700 qui
1327 3611 1433 3680 doce

196 3722 289 3792 bant
314 3744 332 3785 t
351 3722 585 3791 matrimonia
603 3723 873 3792 naereticorum
891 3739 1022 3791 coram
1040 3721 1206 3789 ministro
1226 3719 1432 3791 acatholico

199 3831 324 3898 «inita
343 3828 552 3917 penerdtim
574 3829 676 3901 nulla
707 3848 802 3917 esse,
826 3838 940 3917 atque
971 3828 1066 3897 adeo
1099 3828 1242 3899 validas
1276 3825 1355 3896 lore
1378 3845 1434 3895 se

266 4000 276 4037 ¹
301 3999 366 4060 on.
391 3999 502 4059 Beued.
527 3999 601 4061 XIV
624 3998 670 4056 De
691 3999 821 4081 Synodo
845 3999 899 4058 lib.
925 3998 957 4058 6.
981 4015 1054 4073 erp.
1079 3995 1112 4056 6.
1136 4015 1197 4055 uin.
1222 3994 1322 4053 7-10.
1431 4010 1435 4018 ·

264 4096 457 4155 2Benedict.
481 4095 555 4156 XIV
579 4097 600 4153 l.
624 4114 651 4154 c.
676 4114 710 4155 n.
738 4096 792 4156 12·

264 4194 406 4263 ⁸lniru‚
428 4194 460 4252 in
489 4196 602 4270 prima
629 4194 751 4253 scilicet
781 4194 1038 4269 disceptatione„
1059 4199 1183 4269 quaeri.
1211 4190 1242 4250 3.
1273 4210 1307 4249 n.
1335 4189 1378 4245 37
1398 4194 1433 4249 et

195 4310 282 4369 seqq.

264 4392 361 4451 ⁴cit.
386 4391 452 4450 litt.
476 4390 548 4448 Etsi
578 4392 813 4464 fraternitatis,
834 4408 911 4467 ques
942 4389 1077 4449 referam
1109 4388 1141 4448 in
1162 4387 1314 4464 Append.
1339 4385 1361 4441 6
1392 4402 1431 4443 ex

195 4509 267 4552 mss.
290 4489 446 4549 Vaticano
477 4489 559 4547 edito
581 4488 636 4547 sub
658 4488 707 4548 die
729 4487 767 4547 10
788 4489 862 4548 maii
893 4486 982 4559 1847,
1005 4506 1073 4546 cum
1105 4487 1254 4563 quaedem
1275 4485 1378 4544 desint
1399 4483 1431 4543 in

195 4592 251 4650 hoo
274 4592 473 4649 monumento
493 4586 615 4672 editoe
636 4587 827 4662 Roskovany
849 4593 870 4644 t.
895 4586 928 4644 2.
952 4603 1026 4660 pap.
1052 4584 1099 4640 86
1119 4589 1151 4645 et
1171 4603 1257 4660 seqq.
