3509 5317
1442 519 1800 580 ..349-

397 675 488 727 ac
533 657 848 730 illustrat
892 676 1153 728 sacrae
1217 657 1829 746 congregationis
1890 656 2187 728 Concilii
2235 656 2729 727 resolutiones
2781 660 2849 724 in

395 767 744 837 themate.
1460 756 1464 761 ’

456 937 462 943 .
532 873 720 942 Cum
768 873 1015 961 itaque
1062 875 1484 961 praedictae
1533 873 2027 943 resolutiones
2075 891 2431 962 magnam
2484 873 2729 944 lucem
2781 876 2849 940 in

397 977 766 1050 eiusmodi
799 981 1313 1067 quaestionem
1349 979 1752 1066 effundant,
1791 979 1962 1049 utile
2011 977 2168 1050 fore
2214 979 2397 1049 duxi
2431 976 2737 1064 referre,
2777 988 2853 1048 ut

398 1085 584 1158 alias
615 1086 820 1155 innui
855 1084 897 1173 ¹,
932 1085 1283 1175 praedicti
1319 1088 1662 1156 Auctoris
1692 1087 2301 1174 disceptationem
2335 1088 2409 1155 in
2442 1088 2849 1174 appendice

396 1193 730 1263 secunda
764 1194 981 1282 primi
1017 1194 1417 1264 voluminis
1451 1194 1783 1264 relatam.
1815 1231 1862 1242 -
1907 1196 2016 1262 En
2068 1195 2312 1282 itaque
2343 1194 2682 1264 eiusdem
2717 1196 2857 1264 dis-

397 1301 828 1389 ceptationis

1283 1482 1975 1552 ARGUMENTUM

533 1660 985 1731 Referuntur
1033 1661 1104 1729 S.
1143 1660 1213 1729 C.
1250 1660 1547 1731 Concilii
1582 1660 2078 1731 resolutiones
2110 1662 2176 1729 in
2214 1662 2666 1750 quibusdam
2705 1684 2853 1732 tna·

397 1770 920 1838 trimoniorum
969 1767 1219 1837 causis
1271 1769 1472 1854 apud
1520 1785 1692 1835 eam
1754 1768 2116 1856 promotis
2165 1788 2264 1838 ex
2320 1769 2524 1838 titulo
2573 1776 2849 1857 raptus.

399 1877 536 1946 His
582 1882 832 1946 autem
879 1875 1131 1945 doceri
1182 1874 1501 1944 videtur:

534 1982 602 2053 1⁰
653 1986 975 2068 Raptum
1042 1983 1168 2071 qui
1216 1982 1433 2052 cadat
1478 1982 1623 2051 sub
1687 1983 1978 2051 Concilii
2040 1983 2338 2052 decreto
2388 2001 2537 2051 non
2596 1984 2849 2053 haberi

401 2090 705 2181 quando
755 2095 1052 2178 raptum
1101 2089 1564 2179 praecedunt
1623 2088 2157 2159 concludentes
2220 2089 2314 2158 de
2380 2090 2849 2159 matrimonio

404 2199 730 2268 ineundo
778 2203 1150 2268 tractatus.

531 2308 603 2374 2ο
651 2307 815 2375 Non
865 2305 1135 2374 adesse
1169 2308 1488 2391 raptum,
1524 2304 1656 2374 sed
1692 2304 1939 2391 potius
1971 2305 2560 2397 contrahentium
2599 2302 2849 2392 fugam

398 2412 493 2484 ad
542 2413 847 2501 nuptias
893 2411 1395 2482 conciliandas
1427 2412 1489 2480 si
1536 2413 1651 2478 vir
1681 2412 1842 2481 sine
1890 2411 2060 2480 dolo
2110 2411 2499 2481 mulierem
2550 2431 2650 2481 ex
2687 2432 2853 2480 cun-

402 2521 593 2591 dicto
641 2521 962 2592 abducat
1011 2540 1097 2591 ea
1146 2539 1377 2590 causa
1442 2518 1645 2607 quod
1694 2525 2046 2589 tractatus
2095 2519 2188 2588 de
2237 2521 2705 2589 matrimonio
2757 2540 2849 2588 aaz

402 2634 797 2718 parentum
846 2628 1311 2716 oppositione
1349 2626 1694 2695 concludi
1745 2618 2227 2714 nequiverint.

528 2734 601 2805 3⁰
647 2737 907 2823 Neque
969 2740 1266 2822 raptum
1320 2734 1574 2803 haberi
1637 2733 1770 2803 sed
1821 2733 2081 2822 fugam
2134 2733 2228 2803 ad
2296 2735 2849 2803 matrimonium

401 2844 702 2915 liberius
766 2843 1362 2912 contrahendum
1426 2842 1488 2908 si
1536 2859 1685 2909 non
1744 2842 1856 2909 vir
1915 2839 2048 2909 sed
2100 2840 2367 2909 mulier
2416 2841 2660 2908 virum
2721 2840 2855 2908 sul-

405 2951 799 3036 licitaverit,
853 2966 932 3018 ut
976 2949 1073 3018 ab
1120 2967 1210 3018 eo
1261 2949 1781 3019 abduceretur.

535 3055 609 3127 4⁰
657 3058 924 3128 Contra
974 3074 1152 3126 vero
1200 3065 1459 3144 raptus
1508 3056 2123 3142 impedimentum
2179 3054 2428 3125 haberi
2480 3054 2541 3122 si
2592 3052 2857 3121 mulier

403 3167 685 3235 insidiis
734 3171 804 3234 et
849 3164 1128 3234 dolosis
1182 3163 1815 3233 sollicitationibus
1865 3164 1997 3232 viri
2047 3164 2466 3233 meditantis
2514 3161 2853 3248 rapinam

400 3271 836 3358 abducatur,
876 3279 951 3340 ut
980 3270 1250 3340 deinde
1282 3270 1427 3339 sub
1462 3271 1777 3356 raptoris
1825 3269 2118 3338 influxu
2167 3271 2237 3337 in
2292 3270 2847 3340 matrimonium]

400 3381 816 3450 consentire
865 3385 1192 3468 cogatur.
1948 3373 1953 3377 “

1574 3573 1694 3641 IV.
1715 3617 1720 3622 ·

721 3731 807 3799 De
853 3731 1203 3800 matrimonii
1256 3731 1464 3799 valore
1512 3731 1567 3798 in
1614 3730 1819 3797 ordine
1865 3728 1938 3796 ad
1984 3733 2224 3812 raptum,
2267 3728 2532 3797 mulieris

1272 3829 1460 3913 raptui
1506 3827 1978 3895 consentientis.

538 4004 617 4075 1.’
650 4005 836 4074 Cum
878 4011 1074 4074 tanta
1118 4005 1527 4091 reperiatur
1557 4003 1744 4071 inter
1787 4009 2133 4071 auctores
2168 4001 2701 4071 sententiarum
2745 4020 2857 4068 va-

395 4114 645 4198 ‘rietaS,
709 4115 899 4182 circa
960 4121 1221 4199 raptus
1278 4110 1934 4205 impedimentum,
1984 4109 2289 4197 quando
2350 4107 2595 4196 puella
2655 4127 2853 4195 quae

404 4219 815 4301 abducitur,
852 4219 1089 4304 raptui
1122 4217 1551 4301 consentiat,
1587 4220 1915 4302 praestat
1961 4213 2319 4284 nonnulla
2367 4214 2725 4301 attingere
2761 4236 2854 4284 ex

319 4328 325 4332 ’
400 4325 583 4395 actis
631 4325 703 4394 S.
747 4325 820 4394 C.
871 4325 944 4394 C.
992 4343 1187 4411 quae
1221 4324 1415 4391 hanc
1456 4323 1847 4392 materiam
1897 4322 2316 4409 respiciunt.
2365 4316 2453 4390 Et
2498 4324 2853 4408 quonium

401 4432 499 4501 ab
560 4431 994 4501 auctoribus
1051 4430 1358 4501 affertur
1419 4429 1796 4518 quaedam
1857 4438 2149 4500 vetusta
2197 4430 2268 4500 S.
2320 4431 2392 4499 C.
2461 4430 2535 4499 C.
2583 4429 2856 4500 decisi-1]

533 4629 553 4665 ¹
599 4627 908 4688 Parted.
954 4645 1096 4702 cap.
1149 4630 1209 4684 1.
1253 4635 1379 4684 art.
1427 4627 1492 4691 ,1.
1540 4628 1578 4702 g
1626 4626 1689 4687 5.
