3509 5317
1781 501 2136 560 ...242-

738 636 960 720 igitur
991 642 1168 705 acta
1213 656 1488 706 causae
1523 639 1593 705 in
1644 638 1910 706 iudicio
1944 657 2042 705 ex
2083 637 2320 724 capite
2366 606 2842 723 impotentiae
2890 636 3187 722 plenam

738 745 1008 814 liabent
1042 745 1403 832 probandi
1444 747 1612 831 vim,
1647 747 1709 813 si
1759 753 2009 815 tamen
2046 745 2362 832 legitime
2394 745 2538 813 sint
2582 742 2940 829 confecta,
2975 747 3190 814 etiam

738 854 804 918 in
852 853 991 921 alia
1044 853 1385 923 instantia
1420 872 1677 922 coram
1722 853 2042 923 Summo
2092 852 2447 921 Pontifice
2496 854 2590 923 ad
2640 852 3190 941 impetrandam

734 961 1365 1046 dispensationem
1413 981 1455 1029 a
1507 962 1980 1030 matrimonio
2031 968 2188 1030 rato
2239 980 2387 1029 non
2437 967 2992 1029 consummato

866 1071 1096 1137 Porro
1148 1069 1576 1138 huiusmodi
1625 1071 2103 1157 quaestiones
2154 1072 2221 1137 in
2271 1068 2509 1138 forma
2559 1070 2966 1138 dubiorum
3029 1087 3183 1156 pro-

734 1176 1011 1258 positae
1061 1177 1129 1243 in
1179 1171 1391 1245 citata
1443 1177 1883 1245 Varsavien.
1922 1183 1997 1246 ut
2028 1196 2261 1264 supra
2309 1177 2551 1245 soluta
2602 1174 2906 1244 fuerunt
2953 1175 3071 1244 die
3104 1176 3186 1242 16

734 1281 904 1350 iunii
954 1283 1148 1351 1894.
1185 1281 1299 1350 Ad
1349 1283 1376 1350 I
1425 1283 1623 1350 enim
1672 1281 1985 1352 dubium
2031 1303 2164 1353 seu
2208 1283 2724 1372 quaestionem
2776 1281 3189 1367 respondit:

738 1385 1151 1476 Neyative;
1197 1426 1241 1437 -
1287 1390 1383 1458 ad
1434 1391 1491 1457 II
1542 1398 1613 1459 et
1660 1390 1796 1458 111:
1843 1394 1903 1458 A
1900 1390 2333 1479 ffirmatioe
2368 1390 2412 1457 ¹.

1872 1561 2033 1643 §3.

865 1721 1159 1797 Quarta
1210 1723 1588 1811 quaestio:
1640 1745 1677 1787 «
1729 1724 2044 1805 Quando
2080 1725 2505 1821 proceditur
2554 1725 2770 1794 unice
2819 1741 2955 1810 per
2988 1722 3186 1789 viam

726 1832 1003 1918 gratiae
1050 1849 1185 1900 seu
1246 1831 1819 1918 dispensationis
1880 1851 1922 1900 a
1987 1833 2462 1901 matrimonio
2521 1838 2700 1916 rato,
2754 1831 2846 1900 ita
2899 1835 2982 1899 ut
3027 1847 3188 1916 pro-

722 1956 988 2007 isessus
1033 1937 1469 2008 conficiatur
1516 1958 1651 2026 per
1714 1939 2260 2027 delegationem
2311 1940 2629 2009 Sanctae
2677 1939 2915 2023 Sedis,
2964 1955 3188 2026 quae-

726 2046 902 2113 ritur
949 2065 1043 2113 an
1094 2046 1399 2114 alterius
1445 2048 1785 2135 coniugis
1841 2047 2315 2118 contumacia
2373 2046 2727 2134 impediat
2772 2045 3186 2132 quominus

726 2152 1034 2220 ulterius
1083 2153 1530 2238 procedatur
1579 2175 1641 2221 ».
2607 2138 2614 2144 ⁴

853 2261 1093 2328 Etiam
1151 2261 1225 2327 in
1292 2279 1525 2330 causa
1576 2262 2153 2350 dispensationis
2210 2264 2305 2333 ad
2369 2264 2790 2333 instantiam
2841 2259 3189 2347 coniugis

722 2366 910 2452 inita,
959 2367 1262 2436 alterius
1308 2369 1647 2455 coniugis
1693 2371 2159 2439 contumacia
2210 2389 2529 2458 prorsus
2559 2387 2711 2437 non
2747 2369 3068 2454 impedit,
3109 2371 3189 2435 ut

722 2474 946 2544 index
979 2480 1140 2544 acta
1176 2494 1581 2561 processus
1615 2477 1922 2546 ulterius
1967 2485 2486 2565 prosequatur,
2522 2482 2594 2546 et
2648 2478 2756 2546 sic
2801 2484 3009 2546 actor
3040 2493 3181 2543 seu

718 2582 951 2650 natrix
998 2599 1225 2650 suum
1262 2580 1491 2650 finem
1540 2584 1866 2670 attingat.
1919 2585 2078 2653 Hoc
2111 2585 2310 2652 enirn
2376 2585 2446 2652 in
2497 2602 2681 2652 casu
2744 2582 2973 2651 Sacra
3001 2581 3189 2649 Con-

718 2689 1046 2776 gregatio
1124 2690 1499 2778 applicare
1560 2692 1949 2760 consuevit
2015 2692 2464 2762 decretalem
2519 2713 2555 2755 «ε
2619 2688 2988 2768 Quoniam
3020 2687 3188 2777 fre-

718 2801 1029 2882 quenter
1076 2797 1166 2865 ad
1219 2797 1316 2865 tit.
1388 2795 1476 2865 Ut
1522 2795 1645 2866 lite
1691 2816 1840 2866 non
1885 2803 2304 2867 contestata
2364 2804 2525 2884 ete„
2592 2799 2714 2893 ubi
2766 2799 3016 2875 Innoc.
3082 2796 3181 2864 111

718 2904 1052 2986 permisit
1081 2902 1389 2989 proferri
1424 2905 1868 2973 sententiam
1901 2903 2356 2974 definitivam
2411 2927 2448 2969 «
2486 2903 2564 2972 Si
2592 2908 3016 2973 contumaae
3047 2921 3181 2990 ap-

714 3008 1062 3094 paruerit
1092 3009 1181 3094 ie,
1222 3009 1295 3078 in
1329 3030 1549 3098 quem
1568 3010 1728 3099 fuit
1759 3010 1956 3080 actio
1999 3010 2459 3102 diriyenda...
2497 3011 2675 3099 quia
2707 3008 3044 3099 impedit,
3084 3031 3182 3079 ne

714 3114 951 3206 possit
973 3117 1076 3186 ad
1123 3137 1291 3185 eum
1325 3120 1576 3187 citatio
1620 3119 2035 3212 pervenire.
2084 3157 2127 3167 -
2177 3121 2424 3200 Quare
2472 3120 2540 3187 in
2591 3136 2830 3188 causa
2860 3117 3181 3206 ‚dispen-

718 3223 1024 3292 sationis
1085 3244 1132 3292 a
1179 3226 1650 3295 matrimonio
1717 3233 1874 3296 rato
1940 3246 2087 3296 non
2149 3231 2699 3312 consummato,
2764 3226 3176 3312 disceptata

714 3334 830 3401 die
896 3334 981 3400 16
1037 3352 1207 3421 aug.
1258 3335 1431 3402 1783
1481 3335 1667 3404 inter
1712 3335 2072 3423 coniuges
2118 3335 2634 3404 marchionem
2667 3332 3052 3420 Spinolam
3101 3342 3181 3402 et

717 3440 1330 3509 marchionissam
1397 3441 1713 3510 Mariam
1792 3442 2169 3530 Brignole,
2219 3443 2569 3529 quamvis
2632 3441 2744 3507 vir
2790 3440 2862 3507 in
2919 3446 3178 3509 contu-

718 3547 949 3616 n‘iacia
1000 3549 1441 3634 persisteret,
1491 3566 1579 3616 ac
1636 3554 1860 3617 testes
1915 3547 2249 3637 proferre
2309 3549 2790 3635 recusaverit,
2855 3547 3174 3617 constita

714 3673 860 3722 non
932 3656 1584 3725 consummatione
1650 3657 2116 3744 matrimonii,
2175 3657 2247 3726 S.
2304 3656 2377 3725 C.
2440 3655 2855 3744 respondit:
2912 3673 3176 3723 eonsu-

710 3761 1008 3832 fendum
1061 3763 1290 3830 SSmo
1332 3782 1480 3852 pro
1526 3762 2075 3851 dispensatione
2122 3786 2170 3833 cz
2203 3763 2510 3832 muliere
2551 3761 2811 3852 petita.
2848 3800 2886 3810 -
2922 3763 3041 3831 Sic
3071 3769 3173 3832 et-

710 3874 856 3936 iam
883 3888 1035 3937 non
1069 3871 1408 3940 obstante
1442 3871 1792 3956 pertinaci
1829 3872 2160 3940 mulieris
2183 3871 2647 3941 contumacia
2676 3870 2747 3937 in
2775 3889 3004 3939 causa
3027 3869 3176 3938 dis-

710 3977 1161 4060 [Jensationis
1185 3976 1371 4045 inter
1396 3977 1723 4045 Leonem
1753 3979 1839 4044 N.
1888 3984 1960 4046 et
2018 3979 2333 4047 Mariam
2382 3977 2853 4064 Iosephinam
2888 3977 2995 4060 N.,
3044 3975 3171 4045 die

710 4086 794 4150 12
839 4083 1076 4152 octob.
1127 4086 1301 4154 1852
1349 4085 1710 4172 impertita
1744 4082 1875 4153 fuit
1919 4084 2372 4173 dispensatio
2417 4105 2461 4154 a
2512 4085 2670 4151 viro
2718 4083 2960 4171 petita.

839 4193 1096 4278 Neque
1157 4192 1468 4261 mirum:
1530 4194 1998 4263 contumacia
2062 4193 2261 4261 enim
2327 4191 2754 4275 alterutrius
2820 4190 3167 4277 coniugis

710 4318 856 4366 non
906 4299 1224 4386 impedit,
1277 4310 1358 4370 ut
1418 4300 1951 4369 concludenter
1999 4301 2355 4388 probetur
2402 4318 2553 4369 non
2601 4302 2859 4368 secuta
2920 4297 3167 4367 matri·

838 4512 858 4549 ¹
901 4512 1031 4573 Ofr.
1084 4514 1331 4571 latinas
1375 4514 1840 4587 ephemeride-3,
1891 4533 1996 4573 seu
2026 4514 2189 4573 Acca
2252 4515 2317 4573 S.
2371 4515 2554 4573 Sedis
2601 4517 2673 4572 in
2717 4529 2922 4587 comp.
2971 4511 3169 4570 reda-

702 4622 803 4670 cta
847 4612 1048 4682 studio
1091 4612 1357 4672 Victorii
1403 4612 1703 4686 Piazzesi‚
1753 4614 1875 4670 vol.
1924 4613 2036 4681 27,
2075 4630 2229 4688 pay.
2286 4613 2432 4671 153.
