3509 5317
870 510 1029 572 -30-

395 651 427 720 8.
456 649 660 728 Qatntam:
683 649 813 720 Soluto
837 646 1075 718 matrimonio
1100 663 1150 714 ex
1173 644 1292 731 capite
1315 643 1566 730 impotentiae,

298 749 302 757 ’
329 778 436 847 quae
451 760 611 830 iudicata
634 756 701 829 fuit
722 755 946 827 antecedens
971 761 1007 825 et
1024 760 1230 845 perpetua,
1257 753 1288 823 si
1313 751 1407 822 forte
1430 753 1567 821 eontin-

329 870 402 954 gat,
426 871 468 936 ut
490 871 573 953 post
599 884 720 935 novas
744 864 894 953 nuptias
918 883 939 934 a
964 880 1040 931 non
1069 861 1246 950 impedito
1282 861 1442 949 coniuge
1476 860 1568 932 cele·

330 974 467 1060 brutas,
491 977 631 1043 coniux
656 973 716 1043 ille
739 974 803 1061 qui
827 976 1009 1060 perpetuo
1033 972 1221 1058 impotens
1244 968 1476 1053 credebatur,
1516 970 1566 1039 ud

331 1080 453 1151 officia
470 1081 755 1151 matrimonialia
772 1081 951 1150 obeunda
966 1078 1145 1149 reddatur
1161 1077 1329 1165 idoneus,
1348 1076 1459 1148 debet
1473 1076 1567 1147 alter

330 1190 391 1259 ille
414 1190 563 1276 coniux,
587 1189 757 1259 secundo
781 1194 864 1257 toro
880 1188 1016 1272 relicto,
1035 1186 1083 1257 ad
1103 1185 1213 1273 primi
1230 1186 1310 1255 iura
1328 1185 1459 1271 redire,
1476 1202 1564 1254 cum

331 1297 497 1385 primum
522 1296 644 1366 valide
668 1296 798 1365 initum
823 1289 1117 1366 restaurandum
1141 1293 1188 1362 sit
1209 1292 1426 1379 coniugium
1463 1292 1564 1361 iuxta

332 1402 545 1473 sanctiones
567 1403 770 1473 canonicas
794 1400 817 1469 ¹.

401 1510 564 1591 Quodsi
587 1528 725 1598 graves
748 1514 907 1598 urgeant
929 1527 1079 1592 causae,
1105 1507 1346 1594 hi'eoniuges
1361 1503 1566 1594 efflagitare

334 1618 509 1701 poterunt
531 1635 552 1685 a
577 1615 739 1685 Summo
763 1613 941 1685 Pontifloe
965 1613 1284 1701 dispensationem
1309 1632 1330 1682 a
1355 1613 1477 1699 primo
1494 1629 1568 1680 ma-

333 1722 506 1791 trimonio
530 1728 612 1793 rato
637 1742 714 1792 non
736 1728 1013 1809 consummata,
1041 1719 1250 1791 dummodo
1287 1724 1391 1789 eet-to
1424 1724 1569 1790 constet

334 1830 381 1899 de
405 1848 480 1898 non
506 1834 637 1900 secuta
659 1832 985 1901 consummatione
1008 1827 1178 1916 coniugii.
1203 1865 1225 1875 -
1249 1826 1328 1898 Hae
1350 1844 1465 1915 porro
1499 1826 1568 1895 dis

334 1937 553 2026 pensatione
576 1939 737 2025 obtenta,
755 1939 900 2026 primus
924 1937 983 2008 ille
999 1936 1139 2007 coniux
1154 1953 1298 2006 novum
1316 1934 1451 2005 valebit
1466 1952 1568 2021 prae

334 2050 435 2115 stare
457 2063 689 2116 consensum
713 2046 761 2116 ad
785 2047 954 2116 valorem
978 2044 1134 2114 secundi
1158 2043 1232 2113 initi
1257 2042 1492 2129 matrimonii,
1533 2048 1569 2112 et

334 2152 436 2240 alter,
460 2154 492 2222 si
515 2154 610 2242 velit,
634 2156 682 2225 ad
706 2155 777 2224 alia
803 2160 888 2224 vota
912 2154 1071 2222 transire
1095 2148 1118 2220 ².
1220 2233 1224 2240 Ι

402 2261 434 2328 9.
460 2261 534 2331 Sed
558 2279 678 2349 quum
702 2260 760 2330 alii
785 2260 920 2331 dentur
944 2278 1037 2329 caus
1060 2257 1313 2328 dissolutionis
1344 2255 1568 2326 matrimonii

335 2383 405 2453 pro
428 2366 575 2438 diversa
612 2369 850 2456 impotentiae
885 2368 1049 2455 ratione,
1084 2367 1217 2438 sedulo
1253 2367 1356 2455 apud
1391 2366 1569 2453 probatos

334 2474 520 2544 Auctores
535 2475 810 2563 inquirendum,
828 2474 982 2564 quando
998 2494 1061 2544 res
1076 2474 1247 2563 postulet,
1264 2493 1313 2543 an
1331 2478 1367 2543 et
1382 2472 1569 2560 inquibus

335 2579 416 2649 aliis
439 2581 601 2669 cesione,
627 2581 808 2653 dissoluto
832 2583 1070 2653 matrimonio
1094 2582 1144 2652 ob
1167 2581 1433 2668 impotentiam,
1472 2580 1572 2650 resti·

336 2677 462 2757 tuendi
486 2689 559 2758 sint
581 2689 650 2759 sibi
674 2691 854 2788 eoniuges
878 2688 901 2756 ⁸.

405 2953 416 2990 ¹
438 2954 486 3013 Ex
507 2972 574 3032 cap.
599 2957 754 3032 accepisti
778 2959 809 3017 1.
833 2959 865 3017 et
886 2974 953 3034 eep.
977 2956 1201 3031 fraternitatis
1218 2954 1251 3013 6.
1272 2955 1312 3014 de
1326 2954 1442 3030 tripid.
1460 2962 1491 3013 et
1503 2970 1572 3011 ma-

340 3052 423 3129 lefie.
439 3084 478 3097 -
495 3053 654 3115 Benediet.
678 3054 754 3114 XIV
775 3054 815 3113 de
837 3054 967 3129 Syaodo
993 3055 1047 3113 tit.
1077 3052 1129 3111 13.
1153 3071 1227 3129 eap.
1251 3052 1308 3113 21.
1333 3071 1368 3111 a.
1381 3049 1425 3111 ’5.

361 3213 363 3218 ,
406 3149 419 3189 ²
440 3151 595 3212 Eiusmodi
612 3153 875 3231 dispensationum
897 3152 1073 3230 exemplum
1090 3153 1263 3213 videbimus
1282 3151 1315 3212 in
1337 3152 1573 3227 disceptatione

231 3283 232 3286 κ
341 3246 373 3307 3.
396 3257 522 3324 quaest.
546 3247 580 3309 2.
596 3251 695 3310 -De
715 3250 824 3310 iisdem
846 3250 984 3328 loquitur
1000 3252 1160 3312 Benedici.
1184 3250 1260 3311 XIV
1280 3253 1379 3310 const.
1395 3248 1458 3307 Dei
1478 3250 1574 3308 mise·

339 3349 479 3416 ratione,
501 3348 521 3424 5
546 3348 599 3406 15.

407 3445 508 3507 ⁸Ofr.
535 3445 861 3516 maronianum.
885 3449 933 3506 tit.
964 3445 1018 3507 15.
1045 3454 1170 3523 quaest.
1197 3445 1279 3517 256,
1300 3446 1332 3507 in
1353 3464 1414 3524 qua
1441 3445 1574 3523 quinque

339 3544 486 3622 expendit
507 3545 656 3606 eiusmodi
677 3563 766 3607 casus
787 3545 994 3624 separationis
1015 3550 1047 3607 et
1068 3545 1289 3607 restitutionis.
