3509 5317
1359 508 1713 567 —145-

448 649 552 715 17.
602 648 718 715 Ex
764 665 854 715 eo
902 658 1154 716 autem
1226 647 1431 734 quod
1498 646 1767 717 alicubi
1824 645 2071 732 vigeat
2129 642 2608 713 tridentinum
2656 644 2772 708 dua

318 765 624 840 cretum,
671 755 840 824 alibi
889 762 1142 826 autem
1191 775 1343 826 non
1394 756 1657 844 vigeat,
1707 751 2084 842 quaedam
2120 758 2385 839 sponte
2416 768 2776 820 enascuusav

318 869 433 928 tur
481 863 958 948 quaestiones
1008 882 1145 932 seu
1182 863 1429 949 dubia,
1454 882 1652 950 quae
1685 869 1934 931 tamen
1972 861 2089 929 vel
2122 878 2218 928 ex
2252 857 2772 928 decisionib1=.-=„

319 967 431 1035 vel
480 970 699 1038 etiam
749 990 848 1040 ex
894 971 1104 1040 dictis
1148 970 1359 1041 facile
1429 969 1831 1040 diluuntur.
1880 1004 1925 1017 -
1971 968 2159 1035 Hinc
2230 965 2456 1034 veluti
2526 982 2776 1032 const*-

316 1077 562 1161 ctaria‚
612 1077 799 1147 haec
846 1078 1164 1148 tenenda
1212 1096 1385 1148 esse
1432 1095 1725 1148 censeo,

451 1183 737 1252 Primo:
787 1184 1078 1254 Incolae
1126 1186 1520 1273 regionum
1568 1185 1642 1252 in
1691 1183 1967 1273 quibus
2014 1182 2490 1251 tridentinum
2535 1180 2776 1249 ἀρετ-ιιι

322 1293 477 1357 tum
526 1311 676 1360 non
726 1291 858 1361 fuit
927 1291 1487 1380 promulgatum
1559 1298 1689 1362 aut
1758 1299 2143 1379 receptum
2216 1309 2360 1359 non
2412 1295 2542 1375 est,
2592 1291 2772 1360 dum

318 1395 501 1466 forte
552 1408 941 1468 morantur
988 1401 1105 1468 vel
1154 1400 1250 1468 ad
1305 1403 1550 1470 locum
1600 1404 1990 1469 transeunt
2053 1399 2174 1467 ubi
2241 1399 2436 1486 viget
2498 1416 2589 1466 ac
2636 1416 2780 1464 svr-

323 1511 558 1591 vatur‚
600 1505 870 1574 ibidem
944 1507 1262 1576 invalide
1332 1508 1784 1576 contrahunt
1851 1506 2415 1576 matrimonium
2462 1525 2613 1574 non
2660 1512 2780 1572 mt-

320 1615 542 1683 hibito
615 1617 948 1701 parocho
996 1616 1092 1686 de
1139 1616 1299 1686 iure
1366 1615 1792 1685 adhibendo
1839 1630 1928 1683 ac
1991 1614 2300 1683 testibus
2352 1612 2393 1677 ¹.
2446 1613 2652 1700 Quia,
2708 1624 2772 1680 ut

321 1721 597 1790 dictum
647 1729 778 1809 est,
828 1722 1080 1810 quoad
1127 1728 1554 1793 contractus
1612 1721 2160 1791 solemnitatem
2228 1725 2567 1789 tenentur
2614 1740 2780 1788 cou-

320 1828 615 1896 trahere
664 1830 868 1899 iuxta
921 1830 1161 1917 legem
1209 1836 1280 1899 et
1325 1829 1945 1899 consuetudinem
1995 1829 2091 1896 ibi
2140 1832 2537 1916 receptam.
2586 1863 2623 1874 -
2684 1828 2780 1888 Π-

322 1955 645 2004 emersa.

459 2042 838 2114 Secundo:
886 2045 961 2115 Si
1008 2042 1249 2114 incola
1296 2042 1457 2128 loci,
1513 2043 1584 2110 in
1633 2063 1785 2130 quo
1835 2052 2219 2130 receptum
2269 2048 2382 2111 est
2437 2041 2784 2112 Tridenti-

325 2171 529 2238 num,
580 2172 663 2221 se
710 2152 994 2222 confert
1038 2154 1134 2222 ad
1187 2153 1434 2222 locum
1486 2153 1612 2221 ubi
1661 2152 1858 2222 idern
1929 2152 2311 2222 decretum
2386 2171 2526 2221 nec
2595 2173 2784 2220 rew-

324 2265 534 2344 ptum
586 2279 723 2329 nec
771 2261 843 2327 in
893 2279 1040 2329 usu
1087 2264 1217 2344 est,
1254 2259 1500 2348 ibique
1533 2260 1924 2329 contrahat
1946 2279 2121 2329 curn
2153 2258 2394 2328 incola
2428 2258 2619 2327 z'llz‘us
2652 2260 2788 2324 ism*

325 2365 867 2434 clandestinum
916 2366 1369 2453 coniugium,
1421 2366 1660 2435 valide
1708 2366 2093 2435 contrahit.
2143 2403 2178 2414 -
2227 2368 2540 2436 Ratione
2585 2372 2780 2434 enim

327 2471 845 2543 individuitatis
892 2480 1337 2562 contractus,
1373 2475 1556 2545 alter
1587 2494 1919 2564 sponsus
1953 2476 2331 2565 privilegio
2365 2477 2640 2565 gaudet
2672 2484 2780 2544 sm

327 2580 714 2666 consortis,
763 2599 862 2648 ex
893 2582 1233 2649 omnium
1267 2582 1657 2667 sententia3
1695 2582 1886 2651 sicut
1917 2582 2297 2669 parochus
2337 2583 2594 2669 sponsi
2632 2604 2788 2668 pri:-

328 2688 535 2772 prius
584 2694 696 2756 est
741 2688 959 2758 etiam
1011 2691 1362 2776 proprius
1408 2708 1755 2777 sponsae,
1807 2708 1979 2759 cum
2031 2689 2553 2759 contrahentes
2619 2704 2784 2756 sum

330 2814 425 2863 ex
470 2797 788 2866 diversis
834 2798 1205 2884 parochiis
1251 2795 1337 2885 ²„
2412 2787 2421 2794 ’

474 2905 742 2973 Tertio:
775 2905 850 2974 Si
901 2911 1057 2974 tam
1106 2903 1220 2972 vir
1266 2924 1497 2992 quam
1543 2901 1812 2972 mulier·
1842 2904 1988 2972 sint
2019 2902 2299 2973 incolae
2334 2903 2496 2991 loci,
2535 2905 2607 2973 in
2640 2924 2788 2992 ww

330 3017 806 3086 tridentinum
832 3016 1217 3085 decretum
1243 3021 1625 3101 receptum
1655 3020 1786 3098 est,
1822 3015 1946 3102 qui
1973 3015 2067 3083 ad
2105 3014 2355 3082 locum
2380 3019 2788 3088 transeunt,

330 3127 398 3192 in
447 3144 602 3212 quo
652 3124 828 3193 illud
879 3137 1259 3214 receptum
1310 3141 1460 3190 non
1511 3135 1625 3192 est
1669 3128 1980 3191 autnon
2014 3122 2228 3209 viget,
2262 3121 2676 3191 dummodo
2712 3144 2792 3184 s*-

331 3230 779 3302 transferant
825 3233 1074 3302 animo
1122 3238 1203 3300 ut
1249 3230 1343 3300 ibi
1393 3249 1660 3301 verum
1722 3226 2176 3298 domicilium
2248 3228 2364 3297 vel
2430 3228 2796 3315 qnasi-fln-

334 3336 683 3408 mieilium
731 3337 964 3428 figant
1010 3335 1052 3423 ⁸,
1107 3338 1663 3407 matrimonium
1717 3336 1989 3405 ibidem
2025 3336 2187 3405 sine
2221 3336 2553 3423 parocho
2589 3353 2676 3404 ac
2712 3352 2796 3396 [ν-

335 3446 573 3514 stibus
619 3445 716 3514 ab
762 3446 847 3513 iis
895 3446 1152 3514 initum
1206 3445 1415 3514 valet.
1469 3445 1625 3513 Iam
1697 3444 1897 3511 enim
1946 3462 2080 3529 per
2140 3441 2598 3510 domicilium
2684 3464 2740 3500 κ
2760 3446 2792 3504 l

335 3570 571 3640 quasi
553 3553 1028 3622 domicilium
1077 3552 1241 3622 facti
1288 3557 1465 3621 sunt
1509 3552 1795 3621 incolae
1825 3550 2020 3681 illius
2055 3550 2210 3677 loci,
2246 3550 2340 3616 in
2353 3568 2505 3636 quo
2540 3548 2716 3617 tris]
2712 3576 2796 3612 [ι-

337 3659 572 3729 tinum
621 3678 770 3728 non
820 3661 1111 3749 obligat.
1160 3698 1202 3708 -
1251 3661 1450 3729 Item

474 3768 813 3844 Quarto:
869 3768 942 3838 Si
993 3768 1211 3836 iidem
1279 3767 1563 3837 incolae
1635 3764 1704 3835 in
1767 3765 2232 3854 praedictum
2291 3764 2540 3833 locum
2589 3784 2623 3832 a
2688 3776 2744 3828 ῑ..-
2756 3792 2792 3828 ι,

258 3869 260 3880 “
336 3872 613 3943 dentini
659 3874 1102 3961 obligatione
1151 3880 1590 3962 exemptum
1639 3894 1723 3943 se
1755 3871 2148 3942 conferunt
2191 3872 2352 3940 sine
2402 3872 2796 3940 intentis··1÷··-

338 3981 681 4063 domicilii
727 3987 856 4051 aut
900 3983 1482 4070 quasi-domicilii
1532 3981 1809 4050 ibidem
1857 3964 2135 4067 figendi
2168 3967 2595 4069 nontamen
2628 4000 2788 4044 [mm

324 4088 641 4179 fraude,
694 4091 882 4160 idest
931 4090 1328 4159 intentione
1376 4087 1864 4159 contrahendi
1909 4085 2385 4173 clandestine,
2430 4083 2668 4153 valide
2712 4088 2792 4148 ihi

473 4338 491 4374 ¹
539 4335 816 4394 Sanchez
864 4335 969 4394 lib.
1023 4337 1087 4393 3.
1137 4334 1305 4409 disp.
1361 4334 1465 4392 18.
1509 4352 1585 4391 4η.
1635 4332 1727 4388 26
1770 4351 1906 4390 cum
1952 4330 2279 4388 communi.

470 4433 495 4470 2
540 4432 736 4508 Engel
786 4433 891 4490 lib.
943 4432 1008 4491 4.
1058 4433 1154 4490 cit.
1208 4431 1266 4490 3.
1317 4450 1384 4490 n.
1421 4431 1548 4490 20.

472 4531 497 4568 ²³
540 4531 698 4596 Quid
739 4532 815 4590 ad
843 4531 1222 4590 domicilium
1277 4534 1385 4589 aut
1445 4529 2042 4606 quasi-domicilium
2105 4526 2541 4602 acquirendum
2604 4528 2804 4596 iun-4415.-

344 4632 539 4702 ratur,
590 4648 739 4725 mox.
773 4631 996 4689 dicam.

500 4764 807 4807 MANsnnLA.
837 4764 911 4806 De
939 4764 1366 4815 Impedtmentts.
