3509 5317
1406 481 1764 543 -4-191-

362 614 862 703 depositiones
921 620 988 689 in
1048 622 1340 710 scriptis
1384 624 1531 693 sub
1592 640 1735 692 suo
1784 621 2021 710 sigillo
2082 622 2384 692 clausas
2431 622 2527 691 ad
2588 626 2817 706 mpii-

360 729 642 793 rentem
694 727 1169 798 ordinarium
1216 730 1666 799 transmittat
1698 727 1742 796 ¹.

492 840 599 906 14.
652 837 768 903 De
819 836 1115 906 testium
1159 836 1584 907 iuramento
1632 835 2122 924 aliorumque.

486 945 679 1014 Cum
727 946 942 1014 iurati
989 950 1275 1015 tantum
1310 945 1518 1015 testis
1550 945 1915 1031 depositio
1948 946 2021 1013 in
2056 945 2322 1015 iudicio
2357 945 2509 1013 vim
2546 945 2661 1014 hal
2685 958 2813 1010 wat

357 1050 724 1137 legitimae
774 1054 1250 1141 probationis,
1313 1054 1485 1122 hinc
1546 1058 1773 1125 testes
1821 1072 2108 1140 omnes,
2171 1055 2523 1144 quamvis
2569 1054 2805 1122 clai-m

355 1159 496 1230 sint
528 1171 660 1230 aut
691 1162 1029 1251 religiosi,
1065 1163 1369 1250 praevio
1405 1162 1822 1233 iuramento
1863 1164 2239 1250 deponere
2263 1162 2556 1247 debent,
2590 1182 2809 1230 seru-2

355 1267 528 1335 nihil
595 1269 943 1357 probant,
1008 1271 1107 1340 uti
1172 1271 1353 1339 iuris
1414 1270 1806 1357 utriusque
1863 1276 2113 1340 textus
2175 1269 2709 1358 ingeminant
2773 1310 2809 1314 -

354 1375 715 1447 Maiorem
764 1377 963 1447 enim
997 1377 1387 1447 testimonii
1439 1377 1955 1447 certitudinem
2006 1378 2124 1446 vel
2173 1377 2507 1447 maxime
2555 1396 2809 1462 prm-u-

353 1500 521 1551 rare
568 1483 788 1554 debet
847 1483 1107 1570 iudex,
1158 1504 1255 1554 ne
1317 1505 1451 1572 per
1498 1484 1943 1554 sententiam
2001 1489 2131 1555 aut
2179 1487 2364 1572 parti
2412 1491 2544 1555 aut
2588 1487 2805 1562 int-:ils

351 1590 799 1659 sacramenti
860 1592 1155 1662 vinculo
1225 1592 1588 1662 damnum
1642 1593 1935 1668 iniuste
2004 1590 2286 1663 inferat.
2355 1593 2809 1660 Procurntur

352 1704 601 1767 autem
655 1699 1074 1768 iuramento
1123 1719 1223 1770 ex
1269 1718 1359 1768 eo
1408 1700 1609 1787 quod
1674 1704 1901 1770 testes
1947 1700 2343 1768 iuramenti
2395 1702 2801 1769 reverantia

349 1822 438 1872 ac
467 1805 735 1872 timore
766 1806 859 1874 ad
895 1807 1277 1876 veritatem
1312 1806 1703 1876 incitentur
1751 1806 2149 1876 dicendam
2186 1809 2284 1877 uti
2316 1807 2533 1876 docet
2568 1808 2809 1876 dar-rw·-

352 1912 513 1981 talis
562 1915 866 1983 Honorii
916 1914 1009 1983 111
1046 1913 1092 1982 ⁸.
1140 1952 1187 1963 -
1233 1916 1451 1986 Unde
1487 1914 1884 1984 iuramenti
1932 1915 2339 1984 necessitas
2386 1918 2809 1984 extenditur

348 2019 445 2088 ad
492 2039 762 2091 omnes
795 2028 1018 2092 testes
1049 2023 1597 2111 cuiuscumque
1643 2022 1790 2092 sint
1825 2023 2195 2111 dignitatis
2234 2031 2307 2093 et
2335 2026 2805 2093 auctoritatis.

348 2128 437 2197 ita
479 2144 559 2197 ut
590 2130 751 2198 sine
781 2131 1201 2200 iuramento
1235 2130 1411 2198 nihil
1449 2129 1786 2216 probent,
1816 2131 1949 2199 etsi
1976 2131 2123 2200 sint
2146 2130 2422 2217 plures
2449 2141 2523 2201 et
2553 2151 2805 2218 quam

349 2235 463 2303 vis
495 2236 875 2323 deponant
900 2239 967 2305 in
995 2237 1246 2306 causis
1271 2237 1723 2322 summariis,
1752 2237 1984 2306 salvis
2010 2237 2579 2324 limitationihuS‚
2617 2258 2653 2326 [ῃ
2673 2265 2681 2294 ÷
2701 2266 2729 2298 ιε
2749 2270 2753 2298 ι
2773 2266 2805 2298 ι·-

346 2360 389 2409 a
438 2343 586 2410 DD.
634 2348 1118 2413 recensentur
1157 2343 1199 2412 ⁶.

484 2452 588 2519 15.
641 2452 897 2521 Iurare
943 2459 1194 2523 autem
1252 2452 1526 2522 debent
1571 2457 1832 2537 testeS,
1885 2451 1985 2520 uti
2035 2457 2105 2521 et
2151 2453 2513 2541 coniuges
2561 2466 2633 2523 et
2683 2478 2801 2538 ¹1¹1·

348 2558 909 2628 matrimonium
966 2566 1258 2647 praeter
1304 2560 1666 2648 coniuges
1714 2566 2185 2645 accusarunt,
2236 2578 2319 2629 se
2368 2561 2463 2629 de
2507 2560 2805 2630 intas-:m-

345 2666 732 2752 gationum
778 2667 875 2735 ad
924 2686 1055 2736 eos
1101 2666 1662 2756 dirigendarum
1710 2668 2019 2755 obiectO,
2068 2686 2159 2737 ac
2205 2667 2296 2736 de
2343 2685 2429 2735 re
2480 2672 2661 2738 tota,
2709 2674 2797 2738 *lv

344 2791 489 2859 qua
541 2772 947 2861 deposituri
994 2787 1189 2861 sunt,
1228 2776 1607 2845 veritatem
1644 2775 1973 2845 dicturos
2021 2783 2101 2845 ut
2131 2794 2300 2845 eam
2349 2794 2609 2846 coram
2649 2782 2797 2842 lim

346 2885 417 2948 et
461 2882 907 2953 conscientia
943 2888 1407 2970 compertam
1445 2883 1737 2966 habent,
1773 2886 1845 2953 et
1889 2883 2103 2969 plene
2139 2902 2232 2953 ac
2277 2881 2590 2953 fideliter
2629 2890 2801 2970 quin

346 2984 620 3073 aliquid
668 2988 966 3077 addant,
1016 2987 1354 3086 omittant
1399 2989 1516 3059 vel
1566 2989 1977 3074 immutent,
2013 3007 2351 3076 congrua
2399 2989 2493 3059 de
2526 2990 2805 3058 iuriam-

346 3093 553 3161 randi
589 3096 973 3166 sanctitate
1002 3096 1504 3166 admonitione
1529 3097 1947 3183 praemissa
1983 3093 2028 3163 ⁵.
2061 3133 2108 3143 -
2138 3097 2336 3165 Dixi:
2370 3095 2464 3165 de
2495 3114 2579 3165 re
2609 3106 2761 3166 tam
2785 3122 2801 3162 .-

343 3199 562 3268 iudici
608 3202 807 3270 enim
841 3203 914 3270 in
946 3203 1213 3272 iudicio
1249 3203 1568 3289 legitime
1597 3203 2077 3290 interroganti
2129 3202 2542 3290 patefacere
2582 3206 2793 3271 cis-livi

343 3306 549 3375 testis
609 3327 696 3378 ea
758 3310 1011 3396 etiam,
1061 3329 1257 3397 quae
1316 3309 1464 3378 suh
1529 3309 1950 3378 arctissimo
2012 3309 2328 3379 naturali
2393 3318 2681 3380 secretu
2737 3341 2773 3376 ι,-

343 3412 823 3509 iureiurando
856 3417 1170 3504 accepit,
1204 3420 1520 3504 excepto
1551 3434 1869 3503 prorsus
1915 3417 2437 3487 sacramentali
2487 3430 2797 3490 sect-vm,

344 3519 414 3586 in
462 3538 615 3607 quo
662 3522 863 3592 nulla
915 3524 1247 3593 humana
1279 3528 1611 3610 potestas
1642 3521 1923 3592 sciendi
1970 3522 2087 3590 ius
2121 3522 2360 3592 habet.
2413 3523 2492 3590 In
2537 3526 2797 3592 cem-i„-

2785 3330 2801 3374 -,

477 3813 495 3849 ¹
541 3812 909 3873 Farinacius
951 3834 988 3873 a
1030 3815 1333 3874 Laurenio
1373 3816 1609 3876 citatus
1652 3816 1811 3876 ibid.
1859 3823 2105 3891 quaest.
2157 3813 2314 3872 621.

475 3910 502 3948 ’²
545 3912 692 3989 Gap.
759 3932 976 3990 nuper
1038 3914 1147 3971 51.
1213 3932 1350 3992 cap.
1406 3915 1854 3988 fraternitatis
1906 3913 2010 3972 17.
2059 3931 2195 3992 cap.
2243 3914 2322 3972 de
2373 3911 2634 3970 testibus
2693 3922 2793 3970 :sk

341 4028 475 4087 oap.
509 4012 641 4071 tuis
689 4009 799 4080 39,
836 4012 916 4072 de
958 4013 1220 4071 testibus
1265 4019 1329 4070 et
1366 4013 1911 4071 attestationibus.
1947 4043 1981 4057 -·
2026 4011 2071 4070 l.
2122 4009 2596 4076 iurisiurandi,
2647 4010 2685 4066 l,
2721 4022 2749 4054 ἡ
2777 4046 2797 4050 -

341 4109 566 4175 stium,
607 4108 738 4168 eod.
784 4110 887 4170 tit.

472 4203 498 4241 ³
541 4205 689 4283 Gap.
735 4225 819 4265 ew
867 4208 1097 4265 litteris
1148 4205 1255 4282 33,
1299 4208 1378 4266 de
1425 4207 1888 4265 iureiurando·

473 4303 498 4340 ⁴
541 4304 849 4366 Mascard.
882 4348 899 4377 ,
949 4305 1237 4365 Farinac.
1270 4349 1287 4378 ,
1338 4305 1604 4382 Pirhing
1661 4308 1725 4364 et·
1772 4305 1886 4365 alii
1947 4305 2127 4364 citati
2183 4322 2221 4362 a
2275 4301 2577 4363 Laurenio

342 4410 590 4476 quaest.
642 4403 807 4466 625.

472 4500 497 4540 ⁸
537 4493 667 4561 cfr.
713 4501 1084 4561 Leurenium
1131 4502 1174 4562 l.
1221 4519 1276 4561 c.
1324 4509 1575 4578 quaest.
1626 4500 1786 4560 630.
