3509 5317
1706 449 2176 515 —234-4

662 594 994 662 censuit:
1050 614 1086 654 ιτ
1132 593 1486 681 Negative
1535 591 1627 663 ad
1679 593 2003 680 primam
2041 598 2332 680 partem
2368 599 2440 662 et
2473 595 2981 664 testimonium
3016 615 3131 665 se-

662 706 938 790 ptimae
988 719 1296 785 manua,
1346 700 1600 770 stricto
1646 718 1880 769 sensu
1944 709 2339 788 sumptum
2389 699 2605 790 eoeiyi
2643 701 2749 771 ad
2780 701 3134 773 corrobo-

662 810 990 878 randam.
1026 807 1558 897 confessionem
1592 805 1991 896 coniayam
2037 806 2294 896 quoad
2323 805 3132 879 inconsummationem

662 915 1122 986 matrimonii
1165 938 1227 983 ».
1276 953 1320 964 -
1368 917 1565 1003 Ergo
1612 933 1787 984 cum
1842 916 1913 982 in
1963 916 2216 985 causis
2262 913 2844 1004 dispensationis
2891 937 2935 986 a
2970 936 3134 987 ma-

662 1026 1002 1094 trimonio
1054 1028 1211 1093 rato
1244 1022 1725 1110 probationes
1760 1021 1853 1090 de
1894 1041 2045 1092 non
2079 1028 2340 1092 secuta
2386 1024 2724 1093 eiusdem
2775 1043 3133 1094 consum-

658 1134 982 1202 matione
1034 1132 1214 1202 tales
1262 1150 1431 1201 esse
1480 1130 1838 1215 debeant,
1890 1135 1972 1199 ut
2017 1149 2244 1200 omne
2290 1131 2603 1201 dubium
2655 1134 2952 1220 penitus
3000 1154 3132 1204 ex-

650 1242 1014 1326 cludatur,
1066 1259 1288 1309 secus
1348 1238 1802 1326 dispensatio
1864 1257 1912 1306 a
1952 1238 2155 1326 Papa
2203 1239 2556 1327 impertiri
2605 1242 2898 1330 nequit,
2949 1242 3130 1311 hinc

650 1346 846 1414 clare
902 1354 1094 1434 patet
1141 1347 1235 1415 ad
1289 1346 1832 1415 removendam
1881 1345 1996 1413 vel
2046 1346 2287 1432 ipsam
2328 1347 2841 1433 suspicionem
2890 1348 3132 1418 collu-

650 1454 882 1518 sionis
910 1454 974 1518 in
990 1462 1094 1522 ter
1117 1452 1499 1541 coniuges,
1529 1452 1801 1539 requiri
1833 1453 2054 1522 etiam
2088 1452 2158 1520 in
2189 1453 2304 1521 his
2326 1454 2580 1522 causis
2603 1456 3122 1524 testimonium

654 1558 1018 1646 septimae
1066 1579 1335 1629 manas
1369 1559 1413 1627 ¹.

790 1666 1104 1746 Quilibet
1149 1685 1248 1735 ex
1295 1667 1410 1734 his
1471 1666 2054 1755 quatuordecim
2103 1666 2414 1736 testibus
2460 1666 2684 1737 debet
2728 1674 2900 1737 ante
2949 1687 3130 1736 exa-

658 1790 826 1838 men
882 1774 1382 1842 iuramentum
1435 1780 1818 1860 praestare
1865 1774 1961 1844 de
1994 1773 2299 1844 veritate
2347 1774 2682 1860 dicenda,
2736 1774 2954 1843 tactis
3003 1795 3131 1844 sa-

658 1882 1070 1950 crosan-ctis
1117 1879 1537 1970 annyeliis
1571 1882 1754 1950 utin
1790 1881 1951 1952 iure
2000 1882 2446 1968 praecipitur
2479 1880 2521 1949 ².
2577 1921 2614 1929 —
2667 1883 2829 1951 Hoc
2861 1891 3124 1953 autem

658 1994 1158 2058 iuramentum
1195 1988 1438 2059 differt
1468 2010 1511 2058 a
1547 1989 2022 2059 iureiurando
2072 1991 2419 2076 praestito
2468 2009 2511 2059 a
2561 1990 3013 2078 coniugibus
3048 1991 3126 2058 in

658 2102 822 2174 hnc„
874 2102 1070 2186 qumi
1121 2098 1482 2186 coniuges
1530 2099 1779 2167 iurare
1836 2098 2111 2167 debent
2157 2098 2250 2167 de
2298 2104 2503 2168 certa
2547 2100 2886 2184 scientia,
2935 2117 3124 2167 cum

657 2206 794 2290 ipsi
842 2218 1046 2274 certo
1093 2212 1409 2274 noscant
1456 2211 1709 2274 utrum
1758 2206 2456 2275 consummaverint
2504 2206 3067 2274 matrimonium

654 2350 694 2358 -
750 2314 1139 2398 propinqui
1194 2332 1373 2382 vero
1420 2332 1557 2382 seu
1593 2314 1985 2383 viciniores
2017 2315 2266 2384 iurare
2297 2313 2574 2384 debent
2618 2315 2713 2383 de
2761 2313 2919 2383 sola
2966 2333 3128 2382 cre-

658 2422 1002 2506 ilaritate,
1058 2423 1409 2490 nimirum
1459 2423 1754 2493 attentis
1802 2423 2414 2505 circumstantiis,
2462 2422 2600 2491 sibi
2649 2441 2821 2491 esse
2871 2420 3126 2490 verisi-

654 2530 822 2594 ms's'e
870 2530 1070 2618 qumi
1106 2530 1338 2600 fuerit
1384 2530 1501 2599 vel
1549 2549 1699 2598 non
1736 2528 1958 2600 fuerit
1987 2536 2604 2599 consummatum
2652 2530 3119 2616 coniugium,

654 2658 734 2706 se
786 2642 1180 2722 coniugem
1235 2657 1499 2708 verum
1537 2637 1937 2724 deponere.
1974 2638 2077 2707 Ita
2110 2638 2207 2706 de
2236 2637 2382 2706 hoc
2428 2638 2848 2707 iuramento
2895 2638 3119 2723 septi-

658 2766 826 2814 mae
878 2765 1149 2814 manus
1200 2744 1525 2832 loquitur
1572 2744 1913 2814 Sanchez
1949 2743 1992 2810 ⁸.

790 2854 974 2922 [jum
1030 2870 1204 2920 vero
1254 2851 1685 2920 huiusmodi
1735 2855 1963 2920 testes
2011 2851 2104 2920 ita
2155 2852 2536 2938 deponant
2580 2870 2680 2919 ex
2725 2850 3124 2938 adiunctiS‚

654 2962 722 3026 in
762 2978 1022 3026 eni-nn]
1062 2959 1410 3026 examine
1442 2957 1948 3046 interrogandi
1983 2958 2249 3026 sedulo
2284 2958 2579 3026 suntde
2621 2975 2857 3026 causa
2886 2957 3143 3049 scien-A

658 3066 794 3134 tiae
842 3084 1107 3134 eornm
1154 3085 1351 3153 quae
1385 3072 1790 3134 testentur:
1840 3084 1939 3133 ex
1973 3065 2116 3134 hoc
2163 3065 2361 3134 enim
2401 3067 2675 3151 pendet
2722 3066 2961 3135 maior
2992 3066 3123 3134 vel

654 3174 898 3238 minor
934 3172 1392 3258 probationis
1427 3173 1558 3241 vis.
1593 3175 1842 3253 Quare
1874 3171 2056 3240 dum
2087 3173 2159 3241 S.
2194 3172 2267 3241 C.
2301 3172 2374 3241 C.
2408 3172 2798 3241 committit
2829 3190 3121 3242 munus

654 3278 1092 3346 conficiendi
1125 3298 1571 3366 processum
1603 3299 1836 3366 super
1871 3297 2020 3348 non
2057 3278 2709 3348 consummatione
2744 3281 3125 3347 matrimo-

654 3386 770 3466 nii,
826 3386 1192 3454 interdum
1248 3386 1565 3455 tribunal
1616 3385 2054 3472 praescribit
2098 3394 2180 3454 ut
2219 3385 2571 3472 praedicti
2618 3389 2848 3454 testes
2904 3386 3122 3453 inter-

654 3502 1010 3578 rogentur
1042 3494 1106 3562 1⁰
1124 3493 1300 3582 quid
1339 3495 1655 3562 sentiant
1686 3494 1781 3561 de
1809 3493 2170 3580 probitate
2187 3511 2276 3563 ac
2301 3492 2657 3580 religione
2680 3493 3117 3580 coniugum,

650 3606 722 3670 et
770 3622 950 3666 num
994 3602 1138 3671 fide
1170 3601 1372 3688 digni
1411 3600 1820 3685 videantur,
1869 3597 1940 3669 2⁰
1974 3619 2070 3668 ex
2121 3619 2272 3688 quo
2309 3606 2643 3686 tempore
2678 3618 2812 3669 eos
2843 3618 3120 3688 cogno·

654 3710 926 3791 vet-inu
986 3750 1030 3754 —
1074 3710 1145 3776 3⁰
1194 3727 1287 3777 an
1354 3709 1593 3777 sciant
1653 3707 2016 3794 quamdiu
2081 3707 2444 3794 coniuges
2501 3706 3116 3793 cohabitaverint,

658 3818 766 3882 rei
818 3815 1221 3902 separatim
1275 3814 1592 3883 vixerint
1638 3819 1711 3882 et
1756 3813 2363 3898 condormierint;
2429 3813 2502 3881 4⁰
2536 3825 2913 3901 quatenus
2963 3832 3121 3884 ma-

654 3922 1078 3986 trimonium
1129 3921 1822 3988 inconsummatum
1861 3925 2224 4005 asserant,
2270 3939 2500 4006 quam
2535 3938 2848 3989 causam
2885 3921 3121 3992 huius

650 4029 1014 4094 nuberent
1062 4026 1518 4096 asserendae
1582 4027 1729 4112 rei;
1794 4032 1866 4096 et
1920 4026 2060 4095 alia
2126 4046 2323 4115 quae
2373 4028 2604 4097 videri
2666 4036 2991 4114 possunt
3039 4030 3117 4098 in

790 4282 798 4314 ¹
850 4282 982 4338 Usta
1038 4282 1195 4337 ,ictz
1247 4281 1311 4338 S.
1349 4279 1534 4337 Sedis
1581 4280 1653 4335 in
1703 4280 2043 4352 compend.
2107 4287 2223 4337 etc,
2275 4280 2396 4337 vol.
2444 4279 2732 4337 XXVII.
2778 4298 2932 4356 pay.
2979 4282 3115 4339 141

650 4386 706 4430 ΗΓ
750 4398 918 4454 stifft}

782 4478 802 4510 ²
850 4474 914 4534 [n
962 4478 1066 4534 rit.
1115 4494 1247 4552 cap.
1302 4476 1726 4534 laudabilem.

786 4574 806 4610 ³
857 4574 942 4630 hc
990 4581 1178 4632 matr.
1230 4574 1339 4630 lib.
1391 4573 1452 4632 7.
1501 4576 1669 4649 disp.
1729 4572 1878 4632 109.
1923 4592 1988 4630 n.
2050 4572 2154 4633 12.
