3509 5317
1405 554 1764 614 ...445-

359 706 532 758 rum
579 687 933 759 relatione
979 686 1340 778 didicerit;
1391 695 1463 761 et
1508 690 1834 779 denique
1879 691 2210 762 nominet
2243 697 2467 762 testes
2499 711 2695 780 quos
2724 694 2816 758 ὼ-

358 815 442 866 re
487 796 890 866 instructos
934 796 1251 881 sciverit,
1302 796 1420 868 vel
1466 798 1732 869 saltem
1784 800 2256 887 reputaverit.

491 905 536 987 g
584 905 691 974 18.
740 902 1088 974 Secundo
1138 904 1302 975 loco
1349 908 1661 975 veniunt
1703 908 2068 997 coniuges
2113 907 2273 996 ipsi,
2321 908 2447 995 qui
2497 926 2816 995 semper.

360 1019 434 1082 et
477 1031 820 1082 seorsum
872 1012 1108 1083 audiri
1159 1012 1451 1098 debent,
1501 1019 1582 1082 ut
1627 1014 2151 1103 unusquisque
2199 1033 2339 1084 sua
2387 1013 2546 1083 iura
2610 1018 2816 1086 tueri.

360 1122 432 1188 et
475 1119 823 1204 rationeS,
869 1119 1374 1205 deductioneS,
1425 1137 1514 1188 ac
1560 1117 1749 1191 facta
1799 1119 2021 1191 allata
2082 1127 2212 1191 aut
2279 1120 2623 1206 reficere,
2694 1130 2812 1190 aut

358 1225 735 1315 explicare
781 1232 1024 1316 queat.
1074 1226 1457 1309 Quaelibet
1487 1244 1666 1314 pars
1697 1228 2026 1298 examini
2058 1229 2388 1298 subiecta
2415 1229 2680 1316 poterit
2703 1230 2812 1294 νιῑε]

360 1332 548 1403 illico
582 1339 751 1420 post
779 1351 1124 1419 examen,
1161 1331 1279 1401 vel
1310 1333 1531 1404 etiam
1566 1333 1941 1422 deinceps
1977 1340 2383 1423 antequam
2415 1352 2816 1422 processus

358 1441 785 1527 claudatur,
822 1458 1265 1529 proponere,
1313 1440 1373 1510 si
1425 1439 1616 1527 velit,
1651 1441 2023 1528 articulos
2060 1460 2290 1529 super
2321 1442 2596 1530 quibus
2638 1440 2816 1511 alter

359 1550 639 1618 coniux
684 1550 775 1618 sit
821 1548 1414 1634 examinandus;
1464 1557 1535 1618 et
1580 1554 1958 1637 quatenus
2002 1550 2224 1619 etiam
2281 1551 2377 1619 ab
2448 1551 2594 1619 hoc
2660 1554 2816 1618 arii-

313 1656 506 1726 .culi
552 1661 1089 1744 proponantur,
1138 1655 1274 1724 erit
1318 1657 1582 1726 iterum
1634 1655 1977 1726 citandus
2022 1657 2301 1725 coniux
2347 1657 2475 1745 qui
2530 1657 2816 1744 primu*

359 1761 600 1834 fuerat
642 1763 1137 1848 examinatus,
1185 1769 1271 1832 ut
1314 1782 1545 1850 super
1591 1764 1920 1833 articulis
1967 1764 2063 1833 ab
2125 1763 2358 1832 altero
2426 1766 2816 1850 propositis

359 1870 723 1941 audiatur.
776 1871 985 1940 quta
1035 1889 1356 1940 casuum
1404 1869 1910 1941 diversitatem
1973 1891 2017 1941 a
2078 1871 2524 1965 coniugibus
2594 1871 2816 1958 inqui-

359 1977 680 2047 rendum
729 1978 883 2065 erit,
933 1988 1014 2047 ut
1058 1977 1122 2046 si
1168 1997 1317 2065 qua
1365 1977 1815 2049 documenta
1868 1978 2193 2048 habeant
2238 1978 2335 2047 ad
2382 1996 2612 2047 suum
2672 1997 2820 2046 mn*

364 2085 816 2171 trimonium‚
866 2085 984 2155 vel
1032 2086 1125 2154 ad
1178 2085 1650 2175 coniugalem
1704 2085 1896 2154 vitae
1941 2086 2563 2154 consuetudinem
2617 2104 2816 2172 sper·

359 2192 603 2278 tantia,
653 2211 740 2262 ea
791 2192 1211 2279 exhibeant,
1259 2192 1332 2260 in
1382 2197 1544 2262 acta
1595 2191 2094 2261 recensenda.
2129 2193 2335 2272 Quae
2365 2191 2812 2261 documenta

361 2299 908 2387 cuiuscumque
953 2299 1251 2387 generis
1298 2300 1463 2386 sint,
1513 2305 1584 2369 et
1641 2318 1680 2368 a
1756 2316 2240 2386 quocumque
2302 2298 2812 2374 exhibeantur,

361 2425 665 2495 semper
710 2412 928 2477 erunt
974 2407 1430 2495 recipienda3
1481 2416 1552 2476 et
1596 2406 2089 2477 cancellarius
2134 2406 2494 2477 adnotare
2525 2406 2816 2476 debebis

363 2513 581 2600 diem,
631 2532 995 2600 mensem,
1046 2518 1116 2582 et
1160 2532 1471 2600 annum,
1521 2531 1661 2584 nec
1708 2533 1859 2583 non
1911 2532 2187 2583 nomen
2220 2513 2415 2582 illius
2444 2533 2492 2583 a
2521 2532 2674 2602 quo
2699 2534 2816 2582 exv

363 2622 583 2691 hibita
631 2620 950 2691 fuerunt.
1865 2682 1867 2686 ,
2070 2713 2074 2717 ¹

493 2732 538 2814 ἓ
585 2732 691 2799 19.
739 2729 814 2800 Si
861 2731 1089 2801 ambo
1122 2730 1481 2819 coniuges
1512 2729 1928 2799 concordes
1962 2730 2033 2799 in
2067 2730 2650 2817 depositionibus
2673 2729 2816 2798 sm·-

361 2837 521 2924 rint,
572 2838 1001 2908 moderator
1047 2844 1384 2910 actorum
1436 2845 1506 2907 et
1552 2836 1902 2908 defensor
1952 2839 2399 2908 matrimonii
2435 2838 2698 2907 sedulo
2728 2842 2816 2906 ἱιιἿ

361 2945 676 3033 spiciant
711 2953 967 3014 utrum
1014 2945 1202 3013 inter
1249 2944 1563 3014 eosdem
1609 2945 1923 3014 collusio
1971 2945 2488 3015 intercesserit.
2542 2946 2701 3014 Hoc
2748 2950 2812 3014 iu

361 3071 545 3123 casu
613 3052 902 3141 singula
977 3058 1426 3138 argumenta
1493 3060 1753 3123 contra
1826 3071 2088 3122 eorum
2157 3052 2658 3139 depositiones
2724 3074 2812 3122 ez

361 3177 725 3246 processu
774 3159 1202 3228 resultantia
1250 3158 1589 3229 distincte
1622 3160 1884 3229 iisdem
1938 3160 2392 3245 obiiciantur,
2427 3174 2509 3228 ut
2536 3159 2816 3231 fraudu:

366 3268 426 3337 si
476 3288 623 3355 qua
673 3267 906 3353 fuerit,
956 3267 1277 3352 detecta,
1327 3267 1932 3379 veritam-quoad
1981 3264 2144 3336 fleri
2201 3268 2454 3354 possit,
2503 3268 2816 3338 dilucium

363 3379 739 3462 appareat.

437 3529 441 3532 -
495 3483 539 3564 ἓ
581 3483 691 3550 20.
742 3481 917 3549 Post
960 3472 1322 3570 coniuges
1368 3479 1638 3549 citandi
1687 3487 1906 3550 erunt
1935 3487 2162 3550 testes
2196 3481 2491 3567 inducti,
2526 3490 2812 3551 servium

363 3605 628 3657 eorum
677 3588 1358 3658 examinandorum
1410 3587 1690 3657 ratione
1737 3588 2090 3674 superius
2135 3588 2525 3675 descripta,
2575 3601 2647 3658 et
2702 3610 2820 3658 aa*

294 3781 301 3787 ι
362 3696 649 3784 quisitis
695 3696 791 3764 ab
839 3695 1103 3765 iisdem
1153 3695 1238 3765 iis
1286 3695 1571 3781 notitiiS,
1606 3694 1700 3764 de
1732 3694 2009 3782 quibus
2044 3695 2376 3766 instructi
2402 3695 2816 3766 existiman-

359 3809 498 3872 tur.
550 3802 1172 3890 Interrogationes
1217 3802 1533 3892 singulis
1578 3801 1980 3888 faciendae,
2032 3808 2255 3889 prout
2320 3804 2816 3873 accusationis

362 3912 632 3997 titulus,
683 3912 813 3981 aut
859 3910 1075 3980 allata
1124 3909 1490 3981 factorum
1539 3916 1613 3981 et
1640 3911 2376 3982 circumstantiarum
2409 3912 2812 3998 congeries.

365 4019 479 4088 vel
526 4020 692 4106 ipsa
738 4020 1035 4089 testium
1065 4018 1355 4089 indoles
1387 4025 1611 4107 atque
1641 4019 2022 4105 capacitas
2043 4019 2429 4107 requirere
2460 4017 2816 4090 videatur.

362 4127 740 4215 sagacitati
790 4133 1013 4215 atque
1062 4127 1495 4215 prudentiae
1543 4127 2039 4197 moderatoris
2086 4136 2429 4196 actorum
2477 4125 2820 4197 etdefe11=

330 4233 557 4302 soris
608 4233 874 4303 vinculi
925 4234 1443 4322 relinquuntur
1490 4236 1614 4322 qui
1664 4234 1828 4304 illas
1875 4234 2346 4321 concinnare,
2386 4253 2665 4323 augere
2691 4254 2812 4303 am

365 4340 809 4411 imminuere
856 4346 1220 4428 poterunt,
1271 4341 1688 4412 dummodo
1738 4349 1988 4412 tamen
2037 4360 2340 4430 semper
2404 4361 2489 4413 ea
2568 4346 2808 4412 omnia

362 4447 828 4536 inquirantur
874 4468 1070 4536 quae
1119 4448 1209 4517 ad
1265 4457 1551 4519 rectum
1584 4448 2119 4538 proferendum
2152 4449 2509 4520 iudicium
2541 4459 2669 4521 aut
2701 4470 2816 4518 rw.-

351 4555 690 4626 ·cessaria
738 4562 867 4626 aut
912 4563 1332 4645 opportuna
1379 4562 1851 4628 censeantur.
2629 4552 2631 4555 ’

493 4664 539 4745 ἓ
581 4664 692 4731 21.
742 4665 948 4744 Quae
994 4665 1065 4731 in
1115 4665 1295 4734 actis
1326 4665 1815 4752 continentur,
1851 4664 2149 4753 nemini,
2182 4684 2279 4735 ne
2308 4666 2488 4754 ipsis
2512 4665 2812 4754 quidem
