3509 5317
3076 0 3088 13 ,
3177 0 3184 2 Α
3261 0 3456 168 W

1770 526 1845 539 -
1893 495 2125 556 192-

726 633 1142 702 secundum
1193 633 1310 702 ius
1341 633 1788 720 promittitur
1818 643 2214 718 secretum,
2266 633 2355 701 ita
2407 639 2489 700 ut
2533 631 2933 718 promissio
2967 626 3183 700 iudici

726 740 1257 826 praeiudicium
1309 760 1458 810 non
1509 743 1745 829 pariat
1781 739 1839 818 ¹..

855 847 1143 916 Vinculi
1177 854 1429 918 autem
1462 850 1875 937 coniugalis
1905 847 2256 919 defensor
2293 846 2804 917 iuramentum
2833 853 3176 937 praesta-

722 954 826 1026 bit
838 955 1181 1046 fideliter·
1211 956 1548 1046 officiam
1580 976 1803 1026 saum
1828 956 2150 1027 obeundi
2168 959 2265 1027 ad
2300 959 2632 1028 tramites
2666 958 3183 1031 Benedictinae

726 1066 1273 1135 Constitutionis
1306 1064 1351 1140 ἓ.

861 1172 961 1241 16.
1012 1173 1200 1242 Hinc
1244 1177 1497 1243 autem
1549 1178 1747 1260 patet
1792 1173 2088 1242 testium
2138 1175 2647 1243 iuramentum
2698 1175 2952 1262 (atque
2983 1175 3182 1244 idem

722 1281 1123 1351 dicendum
1171 1281 1266 1352 de
1315 1281 1798 1351 iureiurando
1849 1272 2282 1370 coniugum)
2331 1282 2761 1351 necessario
2812 1282 3181 1371 legitimae

726 1388 1347 1474 praemittendum
1398 1408 1568 1459 esse
1601 1388 2040 1476 depositioni
2074 1387 2476 1459 faciendae.
2526 1389 2833 1458 Constat
2859 1408 2962 1458 ex
2994 1396 3186 1459 utro·

722 1513 870 1582 que
917 1495 1076 1564 iure
1110 1492 1155 1562 Ψ.
1205 1497 1293 1565 Et
1337 1497 1521 1564 ratio
1571 1501 1700 1582 est,
1737 1495 1910 1583 quia
1945 1497 2397 1564 sacramenti
2432 1495 2790 1584 religione
2838 1494 3185 1565 firmatus

725 1602 927 1670 testis
985 1602 1100 1670 vel
1161 1602 1438 1670 coniux
1502 1601 1618 1671 vel
1668 1600 1974 1700 quilibet
2027 1607 2424 1670 accusator
2488 1601 2972 1688 matrimonii,
3037 1620 3186 1670 non

726 1710 1229 1794 praesumitur
1295 1710 1497 1795 quod
1559 1706 1838 1777 falsum
1899 1708 2235 1777 dicturus
2317 1708 2429 1776 sit.
2497 1708 2762 1777 Contra
2832 1710 2960 1797 qui
3020 1716 3190 1796 post

726 1814 1265 1902 depositionem
1299 1815 1665 1885 duntaxat
1694 1815 1938 1883 iurare
1986 1814 2387 1899 iuberetur,
2422 1816 2485 1884 si
2533 1813 2806 1884 falsum
2856 1815 3184 1903 dixisset,

726 1922 986 1992 timore
1035 1920 1379 1992 infamiae
1441 1930 1804 1992 metueret
1874 1941 1965 1992 ac
2031 1922 2667 1992 verecundaretur
2727 1924 3186 1992 contrarium

726 2049 1105 2117 asserere;
1157 2030 1293 2098 nisi
1330 2036 1579 2099 tamen
1620 2031 2092 2099 incontinenti
2127 2030 2634 2098 iuramentum
2671 2037 3113 2117 sequeretur
3140 2028 3184 2098 ⁸.

849 2141 952 2206 17.
1007 2139 1118 2207 De
1165 2143 1449 2207 secreto
1495 2136 1971 2226 singulorum
2022 2134 2321 2206 testium
2367 2135 2772 2206 eoeamine.‘

852 2246 1283 2314 Notandum
1334 2246 1646 2331 insuper
1692 2245 1896 2331 quod
1947 2249 2174 2314 testes
2219 2249 2504 2312 secreto
2551 2250 2623 2312 et
2668 2243 2984 2312 seorsim
3016 2263 3186 2314 exa-

726 2353 987 2421 minari
1036 2370 1125 2420 ac
1171 2350 1550 2438 deponere
1602 2351 1880 2420 debent
1912 2349 1957 2417 ⁵.
2009 2352 2221 2420 Ratio
2272 2350 2684 2437 multiplex,
2732 2360 2807 2420 at
2838 2351 3187 2438 princeps

722 2470 852 2544 est,
906 2464 984 2526 ut
1032 2463 1257 2527 testes
1306 2458 1615 2527 liberius
1649 2455 2032 2544 proferant
2064 2458 2472 2541 veritatem,
2510 2466 2583 2526 et
2625 2462 2684 2526 si
2734 2475 2963 2526 secus
3008 2454 3189 2526 fece·

729 2566 868 2633 rint
911 2561 1195 2633 facilius
1244 2564 1530 2652 possint
1574 2564 1668 2633 de
1716 2563 2029 2634 falsitate
2077 2566 2418 2633 convinci
2463 2563 2817 2651 exemplo
2866 2564 3186 2633 Danielis

728 2691 862 2758 pro
924 2668 1359 2758 Susanna⁵;
1409 2691 1500 2741 ac
1563 2673 1730 2741 viva
1797 2690 2002 2757 voce,
2051 2690 2203 2740 non
2263 2672 2538 2758 scripto
2597 2672 2669 2739 in
2735 2671 2896 2740 loco
2947 2671 3185 2740 iudicii

726 2780 1101 2866 deponere
1137 2779 1507 2849 ordinarie
1554 2780 1847 2865 debent,
1887 2784 1965 2847 ut
1994 2779 2227 2848 iudex
2263 2778 2513 2848 videre
2544 2779 2780 2866 possit
2825 2783 2896 2847 et
2928 2778 3184 2847 audire

722 2906 873 2974 quo
911 2888 1140 2973 vultu,
1174 2906 1322 2974 qua
1358 2888 1769 2956 constantia
1823 2886 1939 2956 vel
1989 2886 2474 2973 trepidatione
2521 2886 2724 2955 testis
2755 2885 3106 2973 loquatur
3138 2885 3180 2951 ⁷.

856 2995 962 3061 18.
1018 2992 1243 3061 Ratio
1289 2992 1635 3062 scientiae
1688 2993 2004 3062 testium.

858 3101 1043 3168 Cum
1096 3101 1167 3167 in
1230 3101 1583 3169 omnibus
1637 3101 2000 3189 gravibus
2060 3085 2361 3184 causiS,'
2397 3104 2557 3167 tum
2618 3099 3061 3184 praesertim
3110 3099 3179 3165 in

730 3207 1414 3293 matrimonialibus,
1465 3208 1799 3276 maxime
1849 3211 2151 3277 interest
2179 3208 2276 3276 ad
2316 3207 2700 3276 veritatem
2751 3207 3180 3294 dignoscen-

726 3314 935 3400 dum,
1005 3325 1085 3382 ut
1133 3321 1356 3384 testes
1418 3317 1781 3385 rationem
1841 3334 2027 3383 suae
2090 3315 2404 3384 reddant
2467 3312 2982 3400 attestationis,
3049 3331 3179 3381 seu

726 3439 1065 3506 {3{ll'tsam,
1107 3430 1188 3490 ut
1216 3423 1440 3509 aiunt,
1476 3420 1821 3491 scientiae
1867 3420 2261 3509 proferant.
2295 3459 2342 3467 —
2376 3421 2592 3491 Unde
2640 3420 2845 3489 testis
2877 3421 3182 3515 positive

730 3530 1225 3616 interrogatus
1285 3530 1378 3597 de
1425 3530 1544 3598 sui
1604 3531 1905 3600 scientia
1956 3528 2386 3614 testimonii,
2453 3528 2913 3614 respondere
2968 3528 3183 3596 debet

730 3637 1180 3725 assignando
1242 3638 1477 3708 dictae
1542 3639 1889 3707 scientiae
1940 3656 2264 3707 causam
2317 3639 2407 3706 ita
2467 3644 2548 3705 ut
2602 3637 2664 3705 si
2728 3638 3179 3723 respondere

864 3833 880 3869 ¹
928 3831 1059 3890 cfr.
1107 3832 1480 3891 Leurenium
1525 3841 1774 3908 quaest.
1827 3830 1987 3891 639.

857 3930 881 3967 2
925 3930 1237 3989 Benedici„
1286 3931 1434 3989 XIV
1479 3931 1687 3990 Const.
1739 3931 1861 3989 Dei
1908 3932 2329 3989 miseratione
2372 3932 2410 4006 ἓ
2459 3930 2520 3988 7.

855 4027 879 4063 ⁸
923 4027 1067 4103 Gap.
1128 4030 1574 4100 fraternitatis
1626 4028 1731 4088 17.
1794 4047 1928 4106 cap.
1996 4028 2075 4086 de
2153 4030 2416 4086 testibus
2477 4026 2588 4086 29.
2641 4029 2753 4086 hoc
2797 4028 2953 4100 tit.;
3000 4027 3042 4085 l.
3089 4029 3180 4084 iu-

734 4125 1108 4181 risiurandi
1150 4126 1293 4184 Cod.
1343 4127 1471 4184 eod.
1521 4128 1625 4185 tit.
1674 4157 1706 4167 -
1753 4126 1830 4184 V.
1879 4127 2140 4186 Leuren.
2194 4127 2235 4183 l.
2286 4144 2339 4183 c.
2389 4134 2638 4201 quaest.
2688 4125 2849 4182 628.

863 4224 886 4260 ⁴
929 4225 1189 4284 Lauren.
1246 4224 1401 4284 ibid.

859 4323 883 4358 ⁵
928 4323 1073 4402 Gap.
1124 4323 1489 4383 venerabili
1534 4322 1643 4390 52,
1688 4324 1767 4381 de
1812 4324 2074 4380 testibus
2119 4331 2179 4379 et
2223 4330 2499 4379 attestat.
2547 4328 2612 4382 et
2657 4321 2831 4382 alibi.

861 4424 885 4459 ⁶
929 4424 1100 4482 Dan.
1142 4423 1246 4480 13.
1299 4443 1351 4479 v.
1389 4423 1498 4480 51.
1543 4423 1651 4483 cit.
1689 4441 1726 4481 a.
1769 4423 1989 4481 Glossa
2041 4422 2103 4480 in
2166 4421 2277 4481 cit.
2327 4438 2462 4498 cap.
2515 4422 2902 4479 venet-abili.
2947 4453 2992 4466 -
3031 4419 3177 4480 Vide

730 4522 1088 4598 Fugnanum
1137 4523 1244 4580 lib.
1279 4524 1347 4583 2.
1386 4524 1479 4579 tit.
1518 4522 1628 4577 20.
1666 4524 1739 4577 in
1778 4522 1890 4579 hoc
1933 4535 2079 4595 cap.
2113 4520 2215 4579 vel
2246 4520 2508 4578 Leuren.
2547 4519 2702 4577 ibid.
2736 4527 2988 4594 quaest.
3024 4516 3170 4575 633.

860 4620 881 4655 ⁷
926 4620 1259 4690 Mascard.‚
1288 4620 1604 4690 Farinac.‚
1628 4619 1898 4696 Plrhing
1927 4618 2109 4678 citati
2141 4636 2178 4676 a
2200 4617 2461 4676 Leuren.
2489 4618 2644 4676 ibid.
2672 4625 2923 4692 quaest.
2955 4616 3109 4674 634.
