<?xml version="1.0" encoding="UTF-8"?>
<!DOCTYPE html PUBLIC "-//W3C//DTD XHTML 1.0 Transitional//EN"
    "http://www.w3.org/TR/xhtml1/DTD/xhtml1-transitional.dtd">
<html xmlns="http://www.w3.org/1999/xhtml" xml:lang="en" lang="en">
 <head>
  <title>
</title>
<meta http-equiv="Content-Type" content="text/html;charset=utf-8" />
  <meta name='ocr-system' content='tesseract 3.04.00' />
  <meta name='ocr-capabilities' content='ocr_page ocr_carea ocr_par ocr_line ocrx_word'/>
</head>
<body>
  <div class='ocr_page' id='page_1' title='image "./decausismatrimo00mansgoog_0475.png"; bbox 0 0 3509 5317; ppageno 0'>
   <div class='ocr_carea' id='block_1_1' title="bbox 1398 509 1759 568">
    <p class='ocr_par' dir='ltr' id='par_1_1' title="bbox 1398 509 1759 568">
     <span class='ocr_line' id='line_1_1' title="bbox 1398 509 1759 568; baseline 0.006 -14"><span class='ocrx_word' id='word_1_1' title='bbox 1398 509 1759 568; x_wconf 74' lang='grc'><strong>...463-</strong></span> 
     </span>
    </p>
   </div>
   <div class='ocr_carea' id='block_1_2' title="bbox 347 642 2820 4710">
    <p class='ocr_par' dir='ltr' id='par_1_2' title="bbox 347 642 2808 1467">
     <span class='ocr_line' id='line_1_2' title="bbox 349 642 2804 735; baseline 0.002 -21"><span class='ocrx_word' id='word_1_2' title='bbox 349 652 512 714; x_wconf 89' lang='lat' dir='ltr'>tum</span> <span class='ocrx_word' id='word_1_3' title='bbox 562 642 880 714; x_wconf 90' lang='lat' dir='ltr'>liberum</span> <span class='ocrx_word' id='word_1_4' title='bbox 917 664 1054 734; x_wconf 90' lang='lat' dir='ltr'>pro</span> <span class='ocrx_word' id='word_1_5' title='bbox 1089 645 1372 735; x_wconf 91' lang='lat' dir='ltr'>reliquo</span> <span class='ocrx_word' id='word_1_6' title='bbox 1418 647 1777 734; x_wconf 88' lang='lat' dir='ltr'>temporis</span> <span class='ocrx_word' id='word_1_7' title='bbox 1826 647 2086 735; x_wconf 82' lang='lat' dir='ltr'>spatio,</span> <span class='ocrx_word' id='word_1_8' title='bbox 2118 646 2394 718; x_wconf 89' lang='lat' dir='ltr'>scilicet</span> <span class='ocrx_word' id='word_1_9' title='bbox 2441 665 2683 735; x_wconf 88' lang='lat' dir='ltr'>usque</span> <span class='ocrx_word' id='word_1_10' title='bbox 2714 650 2804 718; x_wconf 80' lang='lat' dir='ltr'>ad</span> 
     </span>
     <span class='ocr_line' id='line_1_3' title="bbox 347 753 2800 844; baseline 0 -23"><span class='ocrx_word' id='word_1_11' title='bbox 347 755 651 840; x_wconf 87' lang='lat' dir='ltr'>tempus</span> <span class='ocrx_word' id='word_1_12' title='bbox 695 772 847 840; x_wconf 92' lang='lat' dir='ltr'>quo</span> <span class='ocrx_word' id='word_1_13' title='bbox 901 753 1154 844; x_wconf 78' lang='lat' dir='ltr'>volunt</span> <span class='ocrx_word' id='word_1_14' title='bbox 1199 753 1660 841; x_wconf 73' lang='lat' dir='ltr'>contrahere,</span> <span class='ocrx_word' id='word_1_15' title='bbox 1725 754 2212 826; x_wconf 76' lang='lat' dir='ltr'><strong>admittantur</strong></span> <span class='ocrx_word' id='word_1_16' title='bbox 2274 761 2502 826; x_wconf 84' lang='lat' dir='ltr'>testes</span> <span class='ocrx_word' id='word_1_17' title='bbox 2562 757 2800 826; x_wconf 80' lang='lat' dir='ltr'>idonei</span> 
     </span>
     <span class='ocr_line' id='line_1_4' title="bbox 348 858 2808 949; baseline 0.002 -23"><span class='ocrx_word' id='word_1_18' title='bbox 348 858 474 945; x_wconf 92' lang='lat' dir='ltr'>qui</span> <span class='ocrx_word' id='word_1_19' title='bbox 524 858 844 947; x_wconf 76' lang='lat' dir='ltr'>legitime</span> <span class='ocrx_word' id='word_1_20' title='bbox 891 868 965 931; x_wconf 91' lang='lat' dir='ltr'>et</span> <span class='ocrx_word' id='word_1_21' title='bbox 1006 860 1536 931; x_wconf 79' lang='lat' dir='ltr'>concludenter</span> <span class='ocrx_word' id='word_1_22' title='bbox 1564 861 1944 949; x_wconf 79' lang='lat' dir='ltr'>deponant</span> <span class='ocrx_word' id='word_1_23' title='bbox 1978 868 2256 932; x_wconf 90' lang='lat' dir='ltr'>statum</span> <span class='ocrx_word' id='word_1_24' title='bbox 2289 862 2606 933; x_wconf 91' lang='lat' dir='ltr'>liberum</span> <span class='ocrx_word' id='word_1_25' title='bbox 2642 881 2808 933; x_wconf 78' lang='lat' dir='ltr'>con-</span> 
     </span>
     <span class='ocr_line' id='line_1_5' title="bbox 348 966 2808 1055; baseline 0.002 -22"><span class='ocrx_word' id='word_1_26' title='bbox 348 966 648 1035; x_wconf 79' lang='lat' dir='ltr'>trahere</span> <span class='ocrx_word' id='word_1_27' title='bbox 680 966 1108 1055; x_wconf 89' lang='lat' dir='ltr'>volentium‚</span> <span class='ocrx_word' id='word_1_28' title='bbox 1157 974 1228 1038; x_wconf 89' lang='lat' dir='ltr'>et</span> <span class='ocrx_word' id='word_1_29' title='bbox 1259 967 1575 1038; x_wconf 84' lang='lat' dir='ltr'>reddant</span> <span class='ocrx_word' id='word_1_30' title='bbox 1606 968 2100 1039; x_wconf 81' lang='lat' dir='ltr'>sufficientem</span> <span class='ocrx_word' id='word_1_31' title='bbox 2136 970 2497 1040; x_wconf 89' lang='lat' dir='ltr'>rationem</span> <span class='ocrx_word' id='word_1_32' title='bbox 2531 987 2808 1040; x_wconf 80' lang='lat' dir='ltr'>causae</span> 
     </span>
     <span class='ocr_line' id='line_1_6' title="bbox 351 1073 2808 1164; baseline 0.001 -21"><span class='ocrx_word' id='word_1_33' title='bbox 351 1091 613 1144; x_wconf 89' lang='lat' dir='ltr'>eorum</span> <span class='ocrx_word' id='word_1_34' title='bbox 667 1073 1034 1162; x_wconf 79' lang='lat' dir='ltr'>scientiae,</span> <span class='ocrx_word' id='word_1_35' title='bbox 1083 1075 1372 1163; x_wconf 85' lang='lat' dir='ltr'>absque</span> <span class='ocrx_word' id='word_1_36' title='bbox 1421 1093 1510 1146; x_wconf 92' lang='lat' dir='ltr'>eo</span> <span class='ocrx_word' id='word_1_37' title='bbox 1556 1075 1763 1164; x_wconf 91' lang='lat' dir='ltr'>quod</span> <span class='ocrx_word' id='word_1_38' title='bbox 1833 1079 2228 1146; x_wconf 89' lang='lat' dir='ltr'>teneantur</span> <span class='ocrx_word' id='word_1_39' title='bbox 2286 1074 2576 1147; x_wconf 84' lang='lat' dir='ltr'>deferre</span> <span class='ocrx_word' id='word_1_40' title='bbox 2643 1082 2808 1147; x_wconf 79' lang='lat' dir='ltr'>atte-</span> 
     </span>
     <span class='ocr_line' id='line_1_7' title="bbox 350 1181 2808 1271; baseline 0.002 -21"><span class='ocrx_word' id='word_1_41' title='bbox 350 1181 709 1251; x_wconf 82' lang='lat' dir='ltr'>stationes</span> <span class='ocrx_word' id='word_1_42' title='bbox 754 1181 1318 1251; x_wconf 87' lang='lat' dir='ltr'>Ordinariorum</span> <span class='ocrx_word' id='word_1_43' title='bbox 1367 1182 1706 1252; x_wconf 90' lang='lat' dir='ltr'>locorum</span> <span class='ocrx_word' id='word_1_44' title='bbox 1758 1182 1831 1250; x_wconf 92' lang='lat' dir='ltr'>in</span> <span class='ocrx_word' id='word_1_45' title='bbox 1879 1183 2157 1271; x_wconf 90' lang='lat' dir='ltr'>quibus</span> <span class='ocrx_word' id='word_1_46' title='bbox 2202 1183 2645 1254; x_wconf 87' lang='lat' dir='ltr'>contrahere</span> <span class='ocrx_word' id='word_1_47' title='bbox 2693 1203 2808 1254; x_wconf 66' lang='lat' dir='ltr'>va]-</span> 
     </span>
     <span class='ocr_line' id='line_1_8' title="bbox 353 1289 2808 1386; baseline 0 -29"><span class='ocrx_word' id='word_1_48' title='bbox 353 1289 586 1359; x_wconf 90' lang='lat' dir='ltr'>lentes</span> <span class='ocrx_word' id='word_1_49' title='bbox 635 1306 928 1358; x_wconf 89' lang='lat' dir='ltr'>moram</span> <span class='ocrx_word' id='word_1_50' title='bbox 978 1294 1388 1386; x_wconf 79' lang='lat' dir='ltr'>traxerunt.</span> <span class='ocrx_word' id='word_1_51' title='bbox 1436 1290 1512 1361; x_wconf 91' lang='lat' dir='ltr'>Si</span> <span class='ocrx_word' id='word_1_52' title='bbox 1581 1308 1759 1358; x_wconf 90' lang='lat' dir='ltr'>vero</span> <span class='ocrx_word' id='word_1_53' title='bbox 1827 1291 2299 1379; x_wconf 84' lang='lat' dir='ltr'>responderit</span> <span class='ocrx_word' id='word_1_54' title='bbox 2365 1293 2808 1361; x_wconf 78' lang='lat' dir='ltr'>contrahere</span> 
     </span>
     <span class='ocr_line' id='line_1_9' title="bbox 354 1396 1195 1467; baseline 0.001 -3"><span class='ocrx_word' id='word_1_55' title='bbox 354 1396 687 1466; x_wconf 89' lang='lat' dir='ltr'>volentes</span> <span class='ocrx_word' id='word_1_56' title='bbox 734 1415 903 1465; x_wconf 90' lang='lat' dir='ltr'>esse</span> <span class='ocrx_word' id='word_1_57' title='bbox 951 1397 1195 1467; x_wconf 91' lang='lat' dir='ltr'>cives:</span> 
     </span>
    </p>

    <p class='ocr_par' dir='ltr' id='par_1_3' title="bbox 351 1505 2812 2558">
     <span class='ocr_line' id='line_1_10' title="bbox 487 1505 2804 1595; baseline 0 -22"><span class='ocrx_word' id='word_1_58' title='bbox 487 1505 551 1573; x_wconf 92' lang='lat'>8.</span> <span class='ocrx_word' id='word_1_59' title='bbox 600 1505 1100 1595; x_wconf 80' lang='lat' dir='ltr'>Interrogetur</span> <span class='ocrx_word' id='word_1_60' title='bbox 1145 1505 1291 1575; x_wconf 91' lang='lat' dir='ltr'>sub</span> <span class='ocrx_word' id='word_1_61' title='bbox 1337 1525 1492 1594; x_wconf 86' lang='lat' dir='ltr'>qua</span> <span class='ocrx_word' id='word_1_62' title='bbox 1537 1505 1888 1594; x_wconf 89' lang='lat' dir='ltr'>parochia</span> <span class='ocrx_word' id='word_1_63' title='bbox 1941 1507 2306 1577; x_wconf 89' lang='lat' dir='ltr'>hactenus</span> <span class='ocrx_word' id='word_1_64' title='bbox 2362 1506 2804 1576; x_wconf 77' lang='lat' dir='ltr'>contrahere</span> 
     </span>
     <span class='ocr_line' id='line_1_11' title="bbox 354 1612 2808 1702; baseline 0.001 -22"><span class='ocrx_word' id='word_1_65' title='bbox 354 1613 690 1683; x_wconf 90' lang='lat' dir='ltr'>volentes</span> <span class='ocrx_word' id='word_1_66' title='bbox 738 1612 1179 1699; x_wconf 88' lang='lat' dir='ltr'>habitarunt,</span> <span class='ocrx_word' id='word_1_67' title='bbox 1230 1612 1345 1683; x_wconf 87' lang='lat' dir='ltr'>vel</span> <span class='ocrx_word' id='word_1_68' title='bbox 1380 1613 1708 1684; x_wconf 89' lang='lat' dir='ltr'>habitent</span> <span class='ocrx_word' id='word_1_69' title='bbox 1739 1615 1834 1684; x_wconf 91' lang='lat' dir='ltr'>de</span> <span class='ocrx_word' id='word_1_70' title='bbox 1866 1615 2258 1702; x_wconf 85' lang='lat' dir='ltr'>praesenti.</span> <span class='ocrx_word' id='word_1_71' title='bbox 2307 1614 2488 1683; x_wconf 89' lang='lat' dir='ltr'>Item</span> <span class='ocrx_word' id='word_1_72' title='bbox 2523 1633 2620 1683; x_wconf 87' lang='lat' dir='ltr'>an</span> <span class='ocrx_word' id='word_1_73' title='bbox 2655 1614 2808 1702; x_wconf 73' lang='lat' dir='ltr'>ipse.</span> 
     </span>
     <span class='ocr_line' id='line_1_12' title="bbox 353 1721 2812 1809; baseline -0.001 -16"><span class='ocrx_word' id='word_1_74' title='bbox 353 1723 563 1793; x_wconf 86' lang='lat' dir='ltr'>testis</span> <span class='ocrx_word' id='word_1_75' title='bbox 609 1722 794 1791; x_wconf 89' lang='lat' dir='ltr'>sciat</span> <span class='ocrx_word' id='word_1_76' title='bbox 863 1721 1187 1809; x_wconf 86' lang='lat' dir='ltr'>aliquem</span> <span class='ocrx_word' id='word_1_77' title='bbox 1258 1741 1357 1792; x_wconf 82' lang='lat' dir='ltr'>ex</span> <span class='ocrx_word' id='word_1_78' title='bbox 1419 1722 1813 1809; x_wconf 83' lang='lat' dir='ltr'>praedictis</span> <span class='ocrx_word' id='word_1_79' title='bbox 1882 1721 2323 1791; x_wconf 80' lang='lat' dir='ltr'>contrahere</span> <span class='ocrx_word' id='word_1_80' title='bbox 2392 1721 2812 1790; x_wconf 71' lang='lat' dir='ltr'>volentibus</span> 
     </span>
     <span class='ocr_line' id='line_1_13' title="bbox 353 1827 2808 1918; baseline -0.002 -20"><span class='ocrx_word' id='word_1_81' title='bbox 353 1830 809 1918; x_wconf 81' lang='lat' dir='ltr'>quandoque</span> <span class='ocrx_word' id='word_1_82' title='bbox 861 1829 1214 1899; x_wconf 89' lang='lat' dir='ltr'>habuisse</span> <span class='ocrx_word' id='word_1_83' title='bbox 1262 1847 1583 1898; x_wconf 82' lang='lat' dir='ltr'>uxorem</span> <span class='ocrx_word' id='word_1_84' title='bbox 1635 1830 1746 1899; x_wconf 93' lang='lat' dir='ltr'>vel</span> <span class='ocrx_word' id='word_1_85' title='bbox 1800 1829 2173 1916; x_wconf 88' lang='lat' dir='ltr'>maritum,</span> <span class='ocrx_word' id='word_1_86' title='bbox 2223 1834 2353 1898; x_wconf 89' lang='lat' dir='ltr'>aut</span> <span class='ocrx_word' id='word_1_87' title='bbox 2381 1827 2808 1915; x_wconf 79' lang='lat' dir='ltr'>professum</span> 
     </span>
     <span class='ocr_line' id='line_1_14' title="bbox 351 1934 2812 2025; baseline -0.001 -20"><span class='ocrx_word' id='word_1_88' title='bbox 351 1935 584 2007; x_wconf 88' lang='lat' dir='ltr'>fuisse</span> <span class='ocrx_word' id='word_1_89' title='bbox 631 1937 704 2004; x_wconf 90' lang='lat' dir='ltr'>in</span> <span class='ocrx_word' id='word_1_90' title='bbox 752 1936 1002 2022; x_wconf 88' lang='lat' dir='ltr'>aliqua</span> <span class='ocrx_word' id='word_1_91' title='bbox 1049 1936 1429 2025; x_wconf 82' lang='lat' dir='ltr'>Religione</span> <span class='ocrx_word' id='word_1_92' title='bbox 1489 1935 1940 2024; x_wconf 84' lang='lat' dir='ltr'>approbata,</span> <span class='ocrx_word' id='word_1_93' title='bbox 2017 1937 2131 2006; x_wconf 89' lang='lat' dir='ltr'>vel</span> <span class='ocrx_word' id='word_1_94' title='bbox 2201 1935 2628 2023; x_wconf 87' lang='lat' dir='ltr'>suscepisse</span> <span class='ocrx_word' id='word_1_95' title='bbox 2697 1934 2812 2005; x_wconf 88' lang='lat' dir='ltr'>ali-</span> 
     </span>
     <span class='ocr_line' id='line_1_15' title="bbox 354 2038 2808 2132; baseline -0.001 -19"><span class='ocrx_word' id='word_1_96' title='bbox 354 2062 580 2132; x_wconf 88' lang='lat' dir='ltr'>quem</span> <span class='ocrx_word' id='word_1_97' title='bbox 632 2062 729 2112; x_wconf 89' lang='lat' dir='ltr'>ex</span> <span class='ocrx_word' id='word_1_98' title='bbox 777 2038 1189 2112; x_wconf 86' lang='lat' dir='ltr'>Ordinibus</span> <span class='ocrx_word' id='word_1_99' title='bbox 1223 2043 1476 2128; x_wconf 86' lang='lat' dir='ltr'>sacris,</span> <span class='ocrx_word' id='word_1_100' title='bbox 1527 2043 2167 2113; x_wconf 89' lang='lat' dir='ltr'>Subdiaconatum</span> <span class='ocrx_word' id='word_1_101' title='bbox 2220 2041 2511 2128; x_wconf 87' lang='lat' dir='ltr'>scilicet,</span> <span class='ocrx_word' id='word_1_102' title='bbox 2561 2043 2808 2113; x_wconf 60' lang='lat' dir='ltr'>Diacff</span> 
     </span>
     <span class='ocr_line' id='line_1_16' title="bbox 355 2148 2812 2237; baseline -0.001 -19"><span class='ocrx_word' id='word_1_103' title='bbox 355 2153 614 2220; x_wconf 88' lang='lat' dir='ltr'>natum</span> <span class='ocrx_word' id='word_1_104' title='bbox 667 2148 784 2219; x_wconf 88' lang='lat' dir='ltr'>vel</span> <span class='ocrx_word' id='word_1_105' title='bbox 847 2149 1453 2237; x_wconf 85' lang='lat' dir='ltr'>Presbyteratum</span> <span class='ocrx_word' id='word_1_106' title='bbox 1527 2149 1643 2220; x_wconf 89' lang='lat' dir='ltr'>vel</span> <span class='ocrx_word' id='word_1_107' title='bbox 1717 2150 1995 2220; x_wconf 90' lang='lat' dir='ltr'>habere</span> <span class='ocrx_word' id='word_1_108' title='bbox 2064 2149 2265 2219; x_wconf 90' lang='lat' dir='ltr'>aliud</span> <span class='ocrx_word' id='word_1_109' title='bbox 2337 2148 2812 2236; x_wconf 62' lang='lat' dir='ltr'>impedimen*</span> 
     </span>
     <span class='ocr_line' id='line_1_17' title="bbox 355 2256 2812 2343; baseline 0 -18"><span class='ocrx_word' id='word_1_110' title='bbox 355 2261 539 2343; x_wconf 89' lang='lat' dir='ltr'>tum,</span> <span class='ocrx_word' id='word_1_111' title='bbox 574 2274 674 2324; x_wconf 83' lang='lat' dir='ltr'>ex</span> <span class='ocrx_word' id='word_1_112' title='bbox 705 2274 858 2343; x_wconf 92' lang='lat' dir='ltr'>quo</span> <span class='ocrx_word' id='word_1_113' title='bbox 908 2274 1056 2324; x_wconf 91' lang='lat' dir='ltr'>non</span> <span class='ocrx_word' id='word_1_114' title='bbox 1106 2256 1339 2343; x_wconf 90' lang='lat' dir='ltr'>possit</span> <span class='ocrx_word' id='word_1_115' title='bbox 1369 2257 1723 2327; x_wconf 73' lang='lat' dir='ltr'>contrahi·</span> <span class='ocrx_word' id='word_1_116' title='bbox 1752 2256 2336 2326; x_wconf 87' lang='lat' dir='ltr'>matrimonium.</span> <span class='ocrx_word' id='word_1_117' title='bbox 2385 2256 2458 2325; x_wconf 88' lang='lat' dir='ltr'>Si</span> <span class='ocrx_word' id='word_1_118' title='bbox 2495 2274 2674 2325; x_wconf 91' lang='lat' dir='ltr'>vero</span> <span class='ocrx_word' id='word_1_119' title='bbox 2723 2262 2812 2326; x_wconf 78' lang='lat' dir='ltr'>te-</span> 
     </span>
     <span class='ocr_line' id='line_1_18' title="bbox 356 2363 2808 2452; baseline -0.001 -19"><span class='ocrx_word' id='word_1_120' title='bbox 356 2365 490 2434; x_wconf 88' lang='lat' dir='ltr'>stis</span> <span class='ocrx_word' id='word_1_121' title='bbox 536 2363 1000 2452; x_wconf 83' lang='lat' dir='ltr'>responderit</span> <span class='ocrx_word' id='word_1_122' title='bbox 1045 2383 1196 2432; x_wconf 90' lang='lat' dir='ltr'>non</span> <span class='ocrx_word' id='word_1_123' title='bbox 1247 2365 1602 2434; x_wconf 86' lang='lat' dir='ltr'>habuisse</span> <span class='ocrx_word' id='word_1_124' title='bbox 1655 2384 1972 2434; x_wconf 84' lang='lat' dir='ltr'>uxorem</span> <span class='ocrx_word' id='word_1_125' title='bbox 2010 2364 2127 2434; x_wconf 86' lang='lat' dir='ltr'>vel</span> <span class='ocrx_word' id='word_1_126' title='bbox 2161 2366 2531 2451; x_wconf 87' lang='lat' dir='ltr'>maritum,</span> <span class='ocrx_word' id='word_1_127' title='bbox 2566 2383 2808 2452; x_wconf 71' lang='lat' dir='ltr'>neque</span> 
     </span>
     <span class='ocr_line' id='line_1_19' title="bbox 357 2465 2296 2558; baseline -0.001 -18"><span class='ocrx_word' id='word_1_128' title='bbox 357 2465 557 2540; x_wconf 86' lang='lat' dir='ltr'>aliud</span> <span class='ocrx_word' id='word_1_129' title='bbox 605 2469 1222 2557; x_wconf 88' lang='lat' dir='ltr'>impedimentum</span> <span class='ocrx_word' id='word_1_130' title='bbox 1275 2475 1353 2539; x_wconf 89' lang='lat' dir='ltr'>ut</span> <span class='ocrx_word' id='word_1_131' title='bbox 1395 2490 1650 2558; x_wconf 89' lang='lat' dir='ltr'>supra.</span> <span class='ocrx_word' id='word_1_132' title='bbox 2288 2532 2296 2539; x_wconf 91' lang='lat'>.</span> 
     </span>
    </p>

    <p class='ocr_par' dir='ltr' id='par_1_4' title="bbox 358 2577 2816 3310">
     <span class='ocr_line' id='line_1_20' title="bbox 491 2577 2812 2667; baseline 0 -21"><span class='ocrx_word' id='word_1_133' title='bbox 491 2579 553 2646; x_wconf 87' lang='lat'>9.</span> <span class='ocrx_word' id='word_1_134' title='bbox 603 2577 1103 2667; x_wconf 70' lang='lat' dir='ltr'>Inter-rogetur</span> <span class='ocrx_word' id='word_1_135' title='bbox 1150 2577 1244 2647; x_wconf 94' lang='lat' dir='ltr'>de</span> <span class='ocrx_word' id='word_1_136' title='bbox 1289 2597 1524 2648; x_wconf 88' lang='lat' dir='ltr'>causa</span> <span class='ocrx_word' id='word_1_137' title='bbox 1586 2579 1968 2666; x_wconf 81' lang='lat' dir='ltr'>scientiae,</span> <span class='ocrx_word' id='word_1_138' title='bbox 2024 2585 2097 2650; x_wconf 93' lang='lat' dir='ltr'>et</span> <span class='ocrx_word' id='word_1_139' title='bbox 2157 2598 2253 2648; x_wconf 89' lang='lat' dir='ltr'>an</span> <span class='ocrx_word' id='word_1_140' title='bbox 2324 2580 2419 2649; x_wconf 88' lang='lat' dir='ltr'>sit</span> <span class='ocrx_word' id='word_1_141' title='bbox 2462 2578 2812 2667; x_wconf 72' lang='lat' dir='ltr'>possibile</span> 
     </span>
     <span class='ocr_line' id='line_1_21' title="bbox 358 2683 2808 2771; baseline -0 -18"><span class='ocrx_word' id='word_1_142' title='bbox 358 2685 560 2771; x_wconf 90' lang='lat' dir='ltr'>quod</span> <span class='ocrx_word' id='word_1_143' title='bbox 609 2684 875 2771; x_wconf 91' lang='lat' dir='ltr'>aliquis</span> <span class='ocrx_word' id='word_1_144' title='bbox 922 2703 1020 2753; x_wconf 84' lang='lat' dir='ltr'>ex</span> <span class='ocrx_word' id='word_1_145' title='bbox 1083 2685 1219 2755; x_wconf 91' lang='lat' dir='ltr'>illis</span> <span class='ocrx_word' id='word_1_146' title='bbox 1290 2683 1631 2757; x_wconf 85' lang='lat' dir='ltr'>habuerit</span> <span class='ocrx_word' id='word_1_147' title='bbox 1699 2707 2019 2758; x_wconf 87' lang='lat' dir='ltr'>uxorem</span> <span class='ocrx_word' id='word_1_148' title='bbox 2094 2687 2209 2755; x_wconf 86' lang='lat' dir='ltr'>vel</span> <span class='ocrx_word' id='word_1_149' title='bbox 2282 2688 2629 2758; x_wconf 85' lang='lat' dir='ltr'>maritum</span> <span class='ocrx_word' id='word_1_150' title='bbox 2696 2690 2808 2754; x_wconf 77' lang='lat' dir='ltr'>vel</span> 
     </span>
     <span class='ocr_line' id='line_1_22' title="bbox 361 2790 2812 2882; baseline 0 -24"><span class='ocrx_word' id='word_1_151' title='bbox 361 2790 559 2860; x_wconf 88' lang='lat' dir='ltr'>aliud</span> <span class='ocrx_word' id='word_1_152' title='bbox 608 2790 1224 2878; x_wconf 89' lang='lat' dir='ltr'>impedimentum</span> <span class='ocrx_word' id='word_1_153' title='bbox 1275 2797 1429 2878; x_wconf 66' lang='lat' dir='ltr'>etc„</span> <span class='ocrx_word' id='word_1_154' title='bbox 1480 2803 1550 2864; x_wconf 91' lang='lat' dir='ltr'>et</span> <span class='ocrx_word' id='word_1_155' title='bbox 1596 2794 1797 2881; x_wconf 90' lang='lat' dir='ltr'>quod</span> <span class='ocrx_word' id='word_1_156' title='bbox 1860 2795 2019 2882; x_wconf 90' lang='lat' dir='ltr'>ipse</span> <span class='ocrx_word' id='word_1_157' title='bbox 2089 2793 2296 2863; x_wconf 90' lang='lat' dir='ltr'>testis</span> <span class='ocrx_word' id='word_1_158' title='bbox 2365 2794 2664 2863; x_wconf 68' lang='lat' dir='ltr'>naeciat.</span> <span class='ocrx_word' id='word_1_159' title='bbox 2740 2794 2812 2862; x_wconf 74' lang='lat' dir='ltr'>Si</span> 
     </span>
     <span class='ocr_line' id='line_1_23' title="bbox 360 2892 2816 2989; baseline 0.001 -22"><span class='ocrx_word' id='word_1_160' title='bbox 360 2899 828 2986; x_wconf 85' lang='lat' dir='ltr'>responderit</span> <span class='ocrx_word' id='word_1_161' title='bbox 870 2892 1346 2987; x_wconf 74' lang='lat' dir='ltr'>affirmative,</span> <span class='ocrx_word' id='word_1_162' title='bbox 1396 2902 2015 2989; x_wconf 83' lang='lat' dir='ltr'>supersedeatur,</span> <span class='ocrx_word' id='word_1_163' title='bbox 2066 2903 2205 2970; x_wconf 90' lang='lat' dir='ltr'>nisi</span> <span class='ocrx_word' id='word_1_164' title='bbox 2263 2923 2362 2973; x_wconf 82' lang='lat' dir='ltr'>ex</span> <span class='ocrx_word' id='word_1_165' title='bbox 2422 2901 2582 2972; x_wconf 88' lang='lat' dir='ltr'>aliis</span> <span class='ocrx_word' id='word_1_166' title='bbox 2629 2902 2816 2971; x_wconf 84' lang='lat' dir='ltr'>testi-</span> 
     </span>
     <span class='ocr_line' id='line_1_24' title="bbox 360 3005 2812 3093; baseline 0.002 -19"><span class='ocrx_word' id='word_1_167' title='bbox 360 3005 505 3075; x_wconf 87' lang='lat' dir='ltr'>bus</span> <span class='ocrx_word' id='word_1_168' title='bbox 554 3007 906 3093; x_wconf 87' lang='lat' dir='ltr'>probetur</span> <span class='ocrx_word' id='word_1_169' title='bbox 952 3007 1481 3078; x_wconf 87' lang='lat' dir='ltr'>concludenter</span> <span class='ocrx_word' id='word_1_170' title='bbox 1526 3027 1675 3077; x_wconf 92' lang='lat' dir='ltr'>non</span> <span class='ocrx_word' id='word_1_171' title='bbox 1727 3009 2087 3080; x_wconf 85' lang='lat' dir='ltr'>habuisse</span> <span class='ocrx_word' id='word_1_172' title='bbox 2131 3027 2446 3080; x_wconf 88' lang='lat' dir='ltr'>uxorem</span> <span class='ocrx_word' id='word_1_173' title='bbox 2497 3007 2615 3079; x_wconf 87' lang='lat' dir='ltr'>vel</span> <span class='ocrx_word' id='word_1_174' title='bbox 2665 3027 2812 3078; x_wconf 76' lang='lat' dir='ltr'>ma—</span> 
     </span>
     <span class='ocr_line' id='line_1_25' title="bbox 360 3113 2812 3203; baseline 0.001 -24"><span class='ocrx_word' id='word_1_175' title='bbox 360 3113 600 3197; x_wconf 89' lang='lat' dir='ltr'>ritum,</span> <span class='ocrx_word' id='word_1_176' title='bbox 652 3132 897 3202; x_wconf 91' lang='lat' dir='ltr'>neque</span> <span class='ocrx_word' id='word_1_177' title='bbox 947 3113 1183 3185; x_wconf 93' lang='lat' dir='ltr'>ullum</span> <span class='ocrx_word' id='word_1_178' title='bbox 1232 3115 1432 3184; x_wconf 87' lang='lat' dir='ltr'>aliud</span> <span class='ocrx_word' id='word_1_179' title='bbox 1480 3116 2101 3203; x_wconf 86' lang='lat' dir='ltr'>impedimentum</span> <span class='ocrx_word' id='word_1_180' title='bbox 2151 3127 2285 3186; x_wconf 89' lang='lat' dir='ltr'>etc.</span> <span class='ocrx_word' id='word_1_181' title='bbox 2359 3116 2435 3186; x_wconf 90' lang='lat' dir='ltr'>Si</span> <span class='ocrx_word' id='word_1_182' title='bbox 2486 3134 2663 3186; x_wconf 90' lang='lat' dir='ltr'>vero</span> <span class='ocrx_word' id='word_1_183' title='bbox 2712 3134 2812 3183; x_wconf 72' lang='lat' dir='ltr'>re-</span> 
     </span>
     <span class='ocr_line' id='line_1_26' title="bbox 359 3220 1657 3310; baseline -0.001 -21"><span class='ocrx_word' id='word_1_184' title='bbox 359 3220 744 3307; x_wconf 85' lang='lat' dir='ltr'>sponderit</span> <span class='ocrx_word' id='word_1_185' title='bbox 788 3223 1169 3310; x_wconf 83' lang='lat' dir='ltr'>negative:</span> <span class='ocrx_word' id='word_1_186' title='bbox 1650 3290 1657 3297; x_wconf 78' lang='grc'><em>,</em></span> 
     </span>
    </p>

    <p class='ocr_par' dir='ltr' id='par_1_5' title="bbox 361 3327 2816 3719">
     <span class='ocr_line' id='line_1_27' title="bbox 495 3327 2816 3419; baseline 0.002 -25"><span class='ocrx_word' id='word_1_187' title='bbox 495 3328 600 3395; x_wconf 93' lang='grc'>10.</span> <span class='ocrx_word' id='word_1_188' title='bbox 651 3327 1155 3417; x_wconf 82' lang='lat' dir='ltr'>Interrogetur</span> <span class='ocrx_word' id='word_1_189' title='bbox 1201 3330 1296 3398; x_wconf 91' lang='lat' dir='ltr'>de</span> <span class='ocrx_word' id='word_1_190' title='bbox 1341 3347 1572 3399; x_wconf 87' lang='lat' dir='ltr'>causa</span> <span class='ocrx_word' id='word_1_191' title='bbox 1625 3331 1993 3413; x_wconf 89' lang='lat' dir='ltr'>scientiae,</span> <span class='ocrx_word' id='word_1_192' title='bbox 2044 3350 2143 3398; x_wconf 85' lang='lat' dir='ltr'>ex</span> <span class='ocrx_word' id='word_1_193' title='bbox 2189 3351 2336 3419; x_wconf 88' lang='lat' dir='ltr'>qua</span> <span class='ocrx_word' id='word_1_194' title='bbox 2388 3330 2656 3400; x_wconf 82' lang='lat' dir='ltr'>deinde</span> <span class='ocrx_word' id='word_1_195' title='bbox 2719 3331 2816 3398; x_wconf 77' lang='lat' dir='ltr'>iu-</span> 
     </span>
     <span class='ocr_line' id='line_1_28' title="bbox 361 3434 2816 3526; baseline 0.001 -22"><span class='ocrx_word' id='word_1_196' title='bbox 361 3435 511 3504; x_wconf 86' lang='lat' dir='ltr'>dex</span> <span class='ocrx_word' id='word_1_197' title='bbox 573 3434 918 3524; x_wconf 85' lang='lat' dir='ltr'>colligere</span> <span class='ocrx_word' id='word_1_198' title='bbox 965 3437 1229 3524; x_wconf 91' lang='lat' dir='ltr'>poterit</span> <span class='ocrx_word' id='word_1_199' title='bbox 1287 3456 1383 3507; x_wconf 91' lang='lat' dir='ltr'>an</span> <span class='ocrx_word' id='word_1_200' title='bbox 1432 3437 1591 3506; x_wconf 69' lang='lat' dir='ltr'>taeti</span> <span class='ocrx_word' id='word_1_201' title='bbox 1651 3437 1743 3505; x_wconf 93' lang='lat' dir='ltr'>sit</span> <span class='ocrx_word' id='word_1_202' title='bbox 1794 3437 2043 3507; x_wconf 88' lang='lat' dir='ltr'>danda</span> <span class='ocrx_word' id='word_1_203' title='bbox 2100 3437 2312 3508; x_wconf 90' lang='lat' dir='ltr'>fides.</span> <span class='ocrx_word' id='word_1_204' title='bbox 2382 3439 2456 3509; x_wconf 86' lang='lat' dir='ltr'>Si</span> <span class='ocrx_word' id='word_1_205' title='bbox 2522 3457 2816 3526; x_wconf 60' lang='lat' dir='ltr'>respon</span> 
     </span>
     <span class='ocr_line' id='line_1_29' title="bbox 361 3540 2812 3622; baseline 0.002 -13"><span class='ocrx_word' id='word_1_206' title='bbox 361 3540 549 3610; x_wconf 88' lang='lat' dir='ltr'>derit</span> <span class='ocrx_word' id='word_1_207' title='bbox 591 3542 1032 3613; x_wconf 86' lang='lat' dir='ltr'>contrahere</span> <span class='ocrx_word' id='word_1_208' title='bbox 1082 3543 1414 3613; x_wconf 91' lang='lat' dir='ltr'>volentes</span> <span class='ocrx_word' id='word_1_209' title='bbox 1477 3543 1833 3613; x_wconf 86' lang='lat' dir='ltr'>habuisse</span> <span class='ocrx_word' id='word_1_210' title='bbox 1905 3563 2222 3614; x_wconf 87' lang='lat' dir='ltr'>uxorem</span> <span class='ocrx_word' id='word_1_211' title='bbox 2277 3545 2394 3613; x_wconf 86' lang='lat' dir='ltr'>vel</span> <span class='ocrx_word' id='word_1_212' title='bbox 2443 3546 2812 3622; x_wconf 68' lang='lat' dir='ltr'>maritum„</span> 
     </span>
     <span class='ocr_line' id='line_1_30' title="bbox 361 3647 1145 3719; baseline 0.003 -3"><span class='ocrx_word' id='word_1_213' title='bbox 361 3647 494 3718; x_wconf 89' lang='lat' dir='ltr'>sed</span> <span class='ocrx_word' id='word_1_214' title='bbox 544 3666 716 3718; x_wconf 89' lang='lat' dir='ltr'>esse</span> <span class='ocrx_word' id='word_1_215' title='bbox 763 3654 1145 3719; x_wconf 88' lang='lat' dir='ltr'>mortuos:</span> 
     </span>
    </p>

    <p class='ocr_par' dir='ltr' id='par_1_6' title="bbox 361 3747 2820 4710">
     <span class='ocr_line' id='line_1_31' title="bbox 495 3747 2812 3849; baseline 0.002 -24"><span class='ocrx_word' id='word_1_216' title='bbox 495 3760 599 3825; x_wconf 94' lang='grc'>11.</span> <span class='ocrx_word' id='word_1_217' title='bbox 651 3748 1155 3846; x_wconf 79' lang='lat' dir='ltr'>Interrogetur</span> <span class='ocrx_word' id='word_1_218' title='bbox 1196 3762 1290 3831; x_wconf 92' lang='lat' dir='ltr'>de</span> <span class='ocrx_word' id='word_1_219' title='bbox 1338 3760 1501 3830; x_wconf 91' lang='lat' dir='ltr'>loco</span> <span class='ocrx_word' id='word_1_220' title='bbox 1551 3768 1623 3830; x_wconf 91' lang='lat' dir='ltr'>et</span> <span class='ocrx_word' id='word_1_221' title='bbox 1668 3747 2007 3848; x_wconf 88' lang='lat' dir='ltr'>tempore</span> <span class='ocrx_word' id='word_1_222' title='bbox 2061 3780 2214 3849; x_wconf 91' lang='lat' dir='ltr'>quo</span> <span class='ocrx_word' id='word_1_223' title='bbox 2274 3768 2453 3831; x_wconf 89' lang='lat' dir='ltr'>sunt</span> <span class='ocrx_word' id='word_1_224' title='bbox 2524 3766 2812 3838; x_wconf 69' lang='lat' dir='ltr'>mortui„</span> 
     </span>
     <span class='ocr_line' id='line_1_32' title="bbox 362 3865 2816 3956; baseline 0.002 -23"><span class='ocrx_word' id='word_1_225' title='bbox 362 3869 451 3933; x_wconf 88' lang='lat' dir='ltr'>et¹</span> <span class='ocrx_word' id='word_1_226' title='bbox 478 3865 860 3952; x_wconf 90' lang='lat' dir='ltr'>quomodo</span> <span class='ocrx_word' id='word_1_227' title='bbox 907 3867 1081 3953; x_wconf 88' lang='lat' dir='ltr'>ipse-</span> <span class='ocrx_word' id='word_1_228' title='bbox 1114 3868 1316 3937; x_wconf 91' lang='lat' dir='ltr'>testis</span> <span class='ocrx_word' id='word_1_229' title='bbox 1361 3868 1546 3939; x_wconf 86' lang='lat' dir='ltr'>sciat</span> <span class='ocrx_word' id='word_1_230' title='bbox 1589 3867 1822 3937; x_wconf 85' lang='lat' dir='ltr'>fuisse</span> <span class='ocrx_word' id='word_1_231' title='bbox 1867 3868 2246 3956; x_wconf 85' lang='lat' dir='ltr'>coniuges,</span> <span class='ocrx_word' id='word_1_232' title='bbox 2294 3876 2367 3938; x_wconf 91' lang='lat' dir='ltr'>et</span> <span class='ocrx_word' id='word_1_233' title='bbox 2410 3887 2615 3939; x_wconf 90' lang='lat' dir='ltr'>nunc</span> <span class='ocrx_word' id='word_1_234' title='bbox 2647 3887 2816 3938; x_wconf 65' lang='lat' dir='ltr'>esse</span> 
     </span>
     <span class='ocr_line' id='line_1_33' title="bbox 365 3973 2820 4077; baseline 0.001 -38"><span class='ocrx_word' id='word_1_235' title='bbox 365 3982 724 4041; x_wconf 87' lang='lat' dir='ltr'>mortuos.</span> <span class='ocrx_word' id='word_1_236' title='bbox 771 3975 861 4043; x_wconf 88' lang='lat' dir='ltr'>Et</span> <span class='ocrx_word' id='word_1_237' title='bbox 905 3974 965 4042; x_wconf 93' lang='lat' dir='ltr'>si</span> <span class='ocrx_word' id='word_1_238' title='bbox 1017 3976 1464 4061; x_wconf 91' lang='lat' dir='ltr'>respondeat</span> <span class='ocrx_word' id='word_1_239' title='bbox 1511 3982 1849 4045; x_wconf 89' lang='lat' dir='ltr'>mortuos</span> <span class='ocrx_word' id='word_1_240' title='bbox 1893 3973 2124 4044; x_wconf 89' lang='lat' dir='ltr'>fuisse</span> <span class='ocrx_word' id='word_1_241' title='bbox 2178 3974 2533 4077; x_wconf 79' lang='lat' dir='ltr'>in-aliquo</span> <span class='ocrx_word' id='word_1_242' title='bbox 2582 3977 2820 4062; x_wconf 79' lang='lat' dir='ltr'>hospi-</span> 
     </span>
     <span class='ocr_line' id='line_1_34' title="bbox 365 4078 2816 4169; baseline 0.002 -23"><span class='ocrx_word' id='word_1_243' title='bbox 365 4078 518 4164; x_wconf 88' lang='lat' dir='ltr'>tali,</span> <span class='ocrx_word' id='word_1_244' title='bbox 569 4078 685 4147; x_wconf 90' lang='lat' dir='ltr'>vel</span> <span class='ocrx_word' id='word_1_245' title='bbox 738 4081 1009 4150; x_wconf 91' lang='lat' dir='ltr'>vidisse</span> <span class='ocrx_word' id='word_1_246' title='bbox 1070 4081 1359 4168; x_wconf 90' lang='lat' dir='ltr'>sepeliri</span> <span class='ocrx_word' id='word_1_247' title='bbox 1419 4082 1492 4150; x_wconf 93' lang='lat' dir='ltr'>in</span> <span class='ocrx_word' id='word_1_248' title='bbox 1563 4088 1763 4152; x_wconf 91' lang='lat' dir='ltr'>certa</span> <span class='ocrx_word' id='word_1_249' title='bbox 1837 4082 2185 4169; x_wconf 86' lang='lat' dir='ltr'>ecclesia,</span> <span class='ocrx_word' id='word_1_250' title='bbox 2238 4084 2356 4153; x_wconf 89' lang='lat' dir='ltr'>vel</span> <span class='ocrx_word' id='word_1_251' title='bbox 2426 4085 2816 4154; x_wconf 57' lang='lat' dir='ltr'>occasioni:</span> 
     </span>
     <span class='ocr_line' id='line_1_35' title="bbox 364 4187 2820 4278; baseline 0.002 -24"><span class='ocrx_word' id='word_1_252' title='bbox 364 4187 658 4258; x_wconf 90' lang='lat' dir='ltr'>militiae</span> <span class='ocrx_word' id='word_1_253' title='bbox 703 4189 1039 4276; x_wconf 91' lang='lat' dir='ltr'>sepultos</span> <span class='ocrx_word' id='word_1_254' title='bbox 1084 4187 1313 4259; x_wconf 82' lang='lat' dir='ltr'>fuisse</span> <span class='ocrx_word' id='word_1_255' title='bbox 1360 4211 1402 4261; x_wconf 90' lang='lat' dir='ltr'>a</span> <span class='ocrx_word' id='word_1_256' title='bbox 1455 4190 1823 4278; x_wconf 86' lang='lat' dir='ltr'>militibus,</span> <span class='ocrx_word' id='word_1_257' title='bbox 1874 4211 2024 4261; x_wconf 90' lang='lat' dir='ltr'>non</span> <span class='ocrx_word' id='word_1_258' title='bbox 2074 4191 2290 4262; x_wconf 90' lang='lat' dir='ltr'>detur</span> <span class='ocrx_word' id='word_1_259' title='bbox 2337 4192 2621 4262; x_wconf 84' lang='lat' dir='ltr'>licentia</span> <span class='ocrx_word' id='word_1_260' title='bbox 2654 4210 2820 4261; x_wconf 43' lang='lat' dir='ltr'>con*</span> 
     </span>
     <span class='ocr_line' id='line_1_36' title="bbox 363 4288 2816 4385; baseline 0 -21"><span class='ocrx_word' id='word_1_261' title='bbox 363 4295 701 4364; x_wconf 88' lang='lat' dir='ltr'>trahendi</span> <span class='ocrx_word' id='word_1_262' title='bbox 745 4297 885 4366; x_wconf 88' lang='lat' dir='ltr'>nisi</span> <span class='ocrx_word' id='word_1_263' title='bbox 933 4297 1143 4383; x_wconf 90' lang='lat' dir='ltr'>prius</span> <span class='ocrx_word' id='word_1_264' title='bbox 1191 4302 1486 4385; x_wconf 88' lang='lat' dir='ltr'>recepto</span> <span class='ocrx_word' id='word_1_265' title='bbox 1536 4300 1954 4369; x_wconf 90' lang='lat' dir='ltr'>testimonio</span> <span class='ocrx_word' id='word_1_266' title='bbox 2001 4300 2424 4370; x_wconf 90' lang='lat' dir='ltr'>authentico</span> <span class='ocrx_word' id='word_1_267' title='bbox 2447 4288 2500 4370; x_wconf 63' lang='lat' dir='ltr'>&#39;a</span> <span class='ocrx_word' id='word_1_268' title='bbox 2536 4306 2816 4370; x_wconf 60' lang='lat' dir='ltr'>rectora</span> 
     </span>
     <span class='ocr_line' id='line_1_37' title="bbox 365 4402 2816 4492; baseline 0 -23"><span class='ocrx_word' id='word_1_269' title='bbox 365 4402 749 4490; x_wconf 88' lang='lat' dir='ltr'>hospitalis</span> <span class='ocrx_word' id='word_1_270' title='bbox 795 4403 864 4471; x_wconf 91' lang='lat' dir='ltr'>in</span> <span class='ocrx_word' id='word_1_271' title='bbox 915 4423 1068 4492; x_wconf 89' lang='lat' dir='ltr'>quo</span> <span class='ocrx_word' id='word_1_272' title='bbox 1118 4405 1466 4491; x_wconf 88' lang='lat' dir='ltr'>praedicti</span> <span class='ocrx_word' id='word_1_273' title='bbox 1514 4405 2020 4492; x_wconf 87' lang='lat' dir='ltr'>decesserunt,</span> <span class='ocrx_word' id='word_1_274' title='bbox 2081 4407 2198 4477; x_wconf 84' lang='lat' dir='ltr'>vel</span> <span class='ocrx_word' id='word_1_275' title='bbox 2246 4428 2289 4478; x_wconf 90' lang='lat' dir='ltr'>a</span> <span class='ocrx_word' id='word_1_276' title='bbox 2355 4413 2641 4478; x_wconf 89' lang='lat' dir='ltr'>rectore</span> <span class='ocrx_word' id='word_1_277' title='bbox 2714 4426 2816 4478; x_wconf 48' lang='lat' dir='ltr'>ec*</span> 
     </span>
     <span class='ocr_line' id='line_1_38' title="bbox 362 4509 2812 4601; baseline 0.002 -23"><span class='ocrx_word' id='word_1_278' title='bbox 362 4509 633 4580; x_wconf 90' lang='lat' dir='ltr'>clesiae</span> <span class='ocrx_word' id='word_1_279' title='bbox 679 4510 752 4578; x_wconf 93' lang='lat' dir='ltr'>in</span> <span class='ocrx_word' id='word_1_280' title='bbox 799 4530 946 4598; x_wconf 87' lang='lat' dir='ltr'>qua</span> <span class='ocrx_word' id='word_1_281' title='bbox 1022 4511 1329 4581; x_wconf 90' lang='lat' dir='ltr'>humata</span> <span class='ocrx_word' id='word_1_282' title='bbox 1377 4509 1677 4582; x_wconf 84' lang='lat' dir='ltr'>fuerunt</span> <span class='ocrx_word' id='word_1_283' title='bbox 1747 4532 2011 4584; x_wconf 92' lang='lat' dir='ltr'>eorum</span> <span class='ocrx_word' id='word_1_284' title='bbox 2086 4514 2479 4600; x_wconf 86' lang='lat' dir='ltr'>cadavera,</span> <span class='ocrx_word' id='word_1_285' title='bbox 2552 4514 2689 4601; x_wconf 88' lang='lat' dir='ltr'>vel,</span> <span class='ocrx_word' id='word_1_286' title='bbox 2756 4518 2812 4582; x_wconf 75' lang='lat' dir='ltr'>si</span> 
     </span>
     <span class='ocr_line' id='line_1_39' title="bbox 361 4612 2820 4710; baseline 0.003 -27"><span class='ocrx_word' id='word_1_287' title='bbox 361 4612 523 4686; x_wconf 87' lang='lat' dir='ltr'>fleri</span> <span class='ocrx_word' id='word_1_288' title='bbox 570 4622 830 4702; x_wconf 90' lang='lat' dir='ltr'>potest,</span> <span class='ocrx_word' id='word_1_289' title='bbox 881 4637 928 4686; x_wconf 80' lang='lat' dir='ltr'>a</span> <span class='ocrx_word' id='word_1_290' title='bbox 975 4618 1167 4687; x_wconf 90' lang='lat' dir='ltr'>duce</span> <span class='ocrx_word' id='word_1_291' title='bbox 1214 4617 1407 4687; x_wconf 91' lang='lat' dir='ltr'>illius</span> <span class='ocrx_word' id='word_1_292' title='bbox 1454 4618 1782 4690; x_wconf 91' lang='lat' dir='ltr'>cohortis</span> <span class='ocrx_word' id='word_1_293' title='bbox 1830 4621 1902 4689; x_wconf 92' lang='lat' dir='ltr'>in</span> <span class='ocrx_word' id='word_1_294' title='bbox 1951 4638 2098 4710; x_wconf 87' lang='lat' dir='ltr'>qua</span> <span class='ocrx_word' id='word_1_295' title='bbox 2172 4622 2592 4710; x_wconf 90' lang='lat' dir='ltr'>descriptus</span> <span class='ocrx_word' id='word_1_296' title='bbox 2662 4630 2820 4694; x_wconf 70' lang='lat' dir='ltr'>erat</span> 
     </span>
    </p>
   </div>
  </div>
 </body>
</html>
