<?xml version="1.0" encoding="UTF-8"?>
<!DOCTYPE html PUBLIC "-//W3C//DTD XHTML 1.0 Transitional//EN"
    "http://www.w3.org/TR/xhtml1/DTD/xhtml1-transitional.dtd">
<html xmlns="http://www.w3.org/1999/xhtml" xml:lang="en" lang="en">
 <head>
  <title>
</title>
<meta http-equiv="Content-Type" content="text/html;charset=utf-8" />
  <meta name='ocr-system' content='tesseract 3.04.00' />
  <meta name='ocr-capabilities' content='ocr_page ocr_carea ocr_par ocr_line ocrx_word'/>
</head>
<body>
  <div class='ocr_page' id='page_1' title='image "./decausismatrimo00mansgoog_0049.png"; bbox 0 0 3509 5317; ppageno 0'>
   <div class='ocr_carea' id='block_1_1' title="bbox 733 520 892 581">
    <p class='ocr_par' dir='ltr' id='par_1_1' title="bbox 733 520 892 581">
     <span class='ocr_line' id='line_1_1' title="bbox 733 520 892 581; baseline 0 -14"><span class='ocrx_word' id='word_1_1' title='bbox 733 520 892 581; x_wconf 71' lang='lat'>..35-</span> 
     </span>
    </p>
   </div>
   <div class='ocr_carea' id='block_1_2' title="bbox 195 657 1430 1285">
    <p class='ocr_par' dir='ltr' id='par_1_2' title="bbox 195 657 1430 1285">
     <span class='ocr_line' id='line_1_2' title="bbox 196 657 1429 750; baseline 0.002 -20"><span class='ocrx_word' id='word_1_2' title='bbox 196 661 394 730; x_wconf 88' lang='lat' dir='ltr'>strictionis</span> <span class='ocrx_word' id='word_1_3' title='bbox 408 663 620 733; x_wconf 87' lang='lat' dir='ltr'>extrinseca</span> <span class='ocrx_word' id='word_1_4' title='bbox 632 662 724 732; x_wconf 90' lang='lat' dir='ltr'>ratio</span> <span class='ocrx_word' id='word_1_5' title='bbox 737 659 811 746; x_wconf 84' lang='lat' dir='ltr'>luit,</span> <span class='ocrx_word' id='word_1_6' title='bbox 825 657 927 748; x_wconf 86' lang='lat' dir='ltr'>quod</span> <span class='ocrx_word' id='word_1_7' title='bbox 941 660 977 728; x_wconf 92' lang='lat' dir='ltr'>in</span> <span class='ocrx_word' id='word_1_8' title='bbox 991 658 1228 730; x_wconf 78' lang='lat' dir='ltr'>ulterioribus</span> <span class='ocrx_word' id='word_1_9' title='bbox 1239 662 1429 750; x_wconf 88' lang='lat' dir='ltr'>gradibus,</span> 
     </span>
     <span class='ocr_line' id='line_1_3' title="bbox 196 768 1427 860; baseline 0.004 -24"><span class='ocrx_word' id='word_1_10' title='bbox 196 785 335 855; x_wconf 82' lang='lat' dir='ltr'>nempe</span> <span class='ocrx_word' id='word_1_11' title='bbox 360 769 552 856; x_wconf 83' lang='lat' dir='ltr'>usquead</span> <span class='ocrx_word' id='word_1_12' title='bbox 577 771 791 857; x_wconf 89' lang='lat' dir='ltr'>septimum,</span> <span class='ocrx_word' id='word_1_13' title='bbox 805 768 880 837; x_wconf 90' lang='lat' dir='ltr'>iam</span> <span class='ocrx_word' id='word_1_14' title='bbox 905 784 980 834; x_wconf 90' lang='lat' dir='ltr'>non</span> <span class='ocrx_word' id='word_1_15' title='bbox 1005 771 1149 853; x_wconf 88' lang='lat' dir='ltr'>poterat</span> <span class='ocrx_word' id='word_1_16' title='bbox 1160 769 1306 857; x_wconf 87' lang='lat' dir='ltr'>absque</span> <span class='ocrx_word' id='word_1_17' title='bbox 1323 774 1427 860; x_wconf 89' lang='lat' dir='ltr'>gravi</span> 
     </span>
     <span class='ocr_line' id='line_1_4' title="bbox 196 874 1430 964; baseline 0.005 -21"><span class='ocrx_word' id='word_1_18' title='bbox 196 874 391 961; x_wconf 89' lang='lat' dir='ltr'>dispendio</span> <span class='ocrx_word' id='word_1_19' title='bbox 417 876 632 946; x_wconf 90' lang='lat' dir='ltr'>huiusmodi</span> <span class='ocrx_word' id='word_1_20' title='bbox 655 875 851 964; x_wconf 84' lang='lat' dir='ltr'>prohibitio</span> <span class='ocrx_word' id='word_1_21' title='bbox 876 892 946 944; x_wconf 88' lang='lat' dir='ltr'>seu</span> <span class='ocrx_word' id='word_1_22' title='bbox 977 874 1128 944; x_wconf 88' lang='lat' dir='ltr'>irritatio</span> <span class='ocrx_word' id='word_1_23' title='bbox 1162 876 1356 947; x_wconf 90' lang='lat' dir='ltr'>observari</span> <span class='ocrx_word' id='word_1_24' title='bbox 1380 880 1430 949; x_wconf 96' lang='lat' dir='ltr'>ob</span> 
     </span>
     <span class='ocr_line' id='line_1_5' title="bbox 196 980 1430 1076; baseline 0.006 -25"><span class='ocrx_word' id='word_1_25' title='bbox 196 980 451 1053; x_wconf 87' lang='lat' dir='ltr'>difficultatem</span> <span class='ocrx_word' id='word_1_26' title='bbox 475 984 708 1068; x_wconf 90' lang='lat' dir='ltr'>numerandi,</span> <span class='ocrx_word' id='word_1_27' title='bbox 735 983 953 1070; x_wconf 87' lang='lat' dir='ltr'>praesertim</span> <span class='ocrx_word' id='word_1_28' title='bbox 979 984 1077 1051; x_wconf 89' lang='lat' dir='ltr'>inter</span> <span class='ocrx_word' id='word_1_29' title='bbox 1101 983 1276 1071; x_wconf 90' lang='lat' dir='ltr'>plebeios,</span> <span class='ocrx_word' id='word_1_30' title='bbox 1295 1004 1430 1076; x_wconf 85' lang='lat' dir='ltr'>cogna-</span> 
     </span>
     <span class='ocr_line' id='line_1_6' title="bbox 195 1089 1429 1178; baseline 0.004 -19"><span class='ocrx_word' id='word_1_31' title='bbox 195 1090 303 1159; x_wconf 85' lang='lat' dir='ltr'>tionis</span> <span class='ocrx_word' id='word_1_32' title='bbox 331 1090 473 1178; x_wconf 90' lang='lat' dir='ltr'>gradus</span> <span class='ocrx_word' id='word_1_33' title='bbox 499 1089 521 1157; x_wconf 84' lang='lat'>¹.</span> <span class='ocrx_word' id='word_1_34' title='bbox 558 1092 760 1161; x_wconf 86' lang='lat' dir='ltr'>intrinseca</span> <span class='ocrx_word' id='word_1_35' title='bbox 787 1095 914 1161; x_wconf 90' lang='lat' dir='ltr'>autem</span> <span class='ocrx_word' id='word_1_36' title='bbox 939 1092 1048 1177; x_wconf 89' lang='lat' dir='ltr'>ratio,</span> <span class='ocrx_word' id='word_1_37' title='bbox 1079 1097 1119 1160; x_wconf 93' lang='lat' dir='ltr'>ut</span> <span class='ocrx_word' id='word_1_38' title='bbox 1149 1093 1326 1164; x_wconf 87' lang='lat' dir='ltr'>observat</span> <span class='ocrx_word' id='word_1_39' title='bbox 1357 1096 1429 1164; x_wconf 84' lang='lat' dir='ltr'>Pir·</span> 
     </span>
     <span class='ocr_line' id='line_1_7' title="bbox 196 1192 1429 1285; baseline 0.004 -19"><span class='ocrx_word' id='word_1_40' title='bbox 196 1196 286 1285; x_wconf 89' lang='lat' dir='ltr'>bing</span> <span class='ocrx_word' id='word_1_41' title='bbox 310 1192 333 1282; x_wconf 86' lang='lat'>²,</span> <span class='ocrx_word' id='word_1_42' title='bbox 366 1196 401 1264; x_wconf 90' lang='lat' dir='ltr'>in</span> <span class='ocrx_word' id='word_1_43' title='bbox 427 1216 472 1266; x_wconf 91' lang='lat' dir='ltr'>eo</span> <span class='ocrx_word' id='word_1_44' title='bbox 496 1203 569 1283; x_wconf 87' lang='lat' dir='ltr'>est,</span> <span class='ocrx_word' id='word_1_45' title='bbox 593 1197 695 1285; x_wconf 87' lang='lat' dir='ltr'>quod</span> <span class='ocrx_word' id='word_1_46' title='bbox 720 1199 800 1285; x_wconf 90' lang='lat' dir='ltr'>ipsa</span> <span class='ocrx_word' id='word_1_47' title='bbox 829 1197 940 1266; x_wconf 88' lang='lat' dir='ltr'>realis</span> <span class='ocrx_word' id='word_1_48' title='bbox 973 1197 1201 1285; x_wconf 85' lang='lat' dir='ltr'>participatio</span> <span class='ocrx_word' id='word_1_49' title='bbox 1232 1218 1301 1270; x_wconf 91' lang='lat' dir='ltr'>seu</span> <span class='ocrx_word' id='word_1_50' title='bbox 1330 1220 1429 1271; x_wconf 89' lang='lat' dir='ltr'>com·</span> 
     </span>
    </p>
   </div>
   <div class='ocr_carea' id='block_1_3' title="bbox 190 1302 1427 3111">
    <p class='ocr_par' dir='ltr' id='par_1_3' title="bbox 192 1302 1427 1928">
     <span class='ocr_line' id='line_1_8' title="bbox 195 1302 1427 1394; baseline 0.006 -24"><span class='ocrx_word' id='word_1_51' title='bbox 195 1302 397 1373; x_wconf 86' lang='lat' dir='ltr'>munioatio</span> <span class='ocrx_word' id='word_1_52' title='bbox 420 1303 589 1373; x_wconf 91' lang='lat' dir='ltr'>eiusdem</span> <span class='ocrx_word' id='word_1_53' title='bbox 613 1303 810 1390; x_wconf 86' lang='lat' dir='ltr'>sanguinis</span> <span class='ocrx_word' id='word_1_54' title='bbox 833 1322 883 1373; x_wconf 85' lang='lat' dir='ltr'>ex</span> <span class='ocrx_word' id='word_1_55' title='bbox 906 1302 1028 1390; x_wconf 92' lang='lat' dir='ltr'>primo</span> <span class='ocrx_word' id='word_1_56' title='bbox 1051 1304 1171 1391; x_wconf 83' lang='lat' dir='ltr'>stipite</span> <span class='ocrx_word' id='word_1_57' title='bbox 1195 1307 1374 1394; x_wconf 86' lang='lat' dir='ltr'>traducta,</span> <span class='ocrx_word' id='word_1_58' title='bbox 1391 1315 1427 1378; x_wconf 91' lang='lat' dir='ltr'>et</span> 
     </span>
     <span class='ocr_line' id='line_1_9' title="bbox 194 1412 1424 1503; baseline 0.006 -24"><span class='ocrx_word' id='word_1_59' title='bbox 194 1417 469 1499; x_wconf 77' lang='lat' dir='ltr'>consequenter</span> <span class='ocrx_word' id='word_1_60' title='bbox 493 1413 610 1482; x_wconf 89' lang='lat' dir='ltr'>virtus</span> <span class='ocrx_word' id='word_1_61' title='bbox 634 1412 837 1499; x_wconf 87' lang='lat' dir='ltr'>generandi</span> <span class='ocrx_word' id='word_1_62' title='bbox 861 1412 1004 1499; x_wconf 87' lang='lat' dir='ltr'>prolem</span> <span class='ocrx_word' id='word_1_63' title='bbox 1030 1412 1098 1481; x_wconf 88' lang='lat' dir='ltr'>sibi</span> <span class='ocrx_word' id='word_1_64' title='bbox 1122 1413 1283 1483; x_wconf 77' lang='lat' dir='ltr'>similem</span> <span class='ocrx_word' id='word_1_65' title='bbox 1299 1418 1424 1503; x_wconf 86' lang='lat' dir='ltr'>quoad</span> 
     </span>
     <span class='ocr_line' id='line_1_10' title="bbox 193 1517 1422 1607; baseline 0.004 -21"><span class='ocrx_word' id='word_1_66' title='bbox 193 1518 373 1605; x_wconf 89' lang='lat' dir='ltr'>corporis,</span> <span class='ocrx_word' id='word_1_67' title='bbox 397 1517 679 1606; x_wconf 85' lang='lat' dir='ltr'>complexionis,</span> <span class='ocrx_word' id='word_1_68' title='bbox 705 1537 933 1607; x_wconf 84' lang='lat' dir='ltr'>morumque</span> <span class='ocrx_word' id='word_1_69' title='bbox 950 1519 1216 1605; x_wconf 84' lang='lat' dir='ltr'>habitudinem,</span> <span class='ocrx_word' id='word_1_70' title='bbox 1229 1524 1422 1593; x_wconf 89' lang='lat' dir='ltr'>communi</span> 
     </span>
     <span class='ocr_line' id='line_1_11' title="bbox 194 1623 1420 1716; baseline 0.005 -24"><span class='ocrx_word' id='word_1_71' title='bbox 194 1623 393 1693; x_wconf 92' lang='lat' dir='ltr'>bominum</span> <span class='ocrx_word' id='word_1_72' title='bbox 416 1624 551 1694; x_wconf 89' lang='lat' dir='ltr'>iudicio</span> <span class='ocrx_word' id='word_1_73' title='bbox 567 1626 632 1694; x_wconf 87' lang='lat' dir='ltr'>vix</span> <span class='ocrx_word' id='word_1_74' title='bbox 649 1625 743 1695; x_wconf 92' lang='lat' dir='ltr'>ultra</span> <span class='ocrx_word' id='word_1_75' title='bbox 759 1631 934 1713; x_wconf 84' lang='lat' dir='ltr'>quartam</span> <span class='ocrx_word' id='word_1_76' title='bbox 950 1627 1230 1714; x_wconf 75' lang='lat' dir='ltr'>generationem</span> <span class='ocrx_word' id='word_1_77' title='bbox 1243 1631 1420 1716; x_wconf 89' lang='lat' dir='ltr'>perduret</span> 
     </span>
     <span class='ocr_line' id='line_1_12' title="bbox 192 1731 1426 1820; baseline 0.003 -20"><span class='ocrx_word' id='word_1_78' title='bbox 192 1731 242 1800; x_wconf 92' lang='lat' dir='ltr'>ob</span> <span class='ocrx_word' id='word_1_79' title='bbox 265 1739 494 1819; x_wconf 82' lang='lat' dir='ltr'>perpetuam·</span> <span class='ocrx_word' id='word_1_80' title='bbox 521 1733 678 1803; x_wconf 89' lang='lat' dir='ltr'>humani</span> <span class='ocrx_word' id='word_1_81' title='bbox 711 1734 882 1820; x_wconf 85' lang='lat' dir='ltr'>corporis</span> <span class='ocrx_word' id='word_1_82' title='bbox 915 1732 1181 1803; x_wconf 80' lang='lat' dir='ltr'>resolutionem</span> <span class='ocrx_word' id='word_1_83' title='bbox 1216 1741 1253 1805; x_wconf 90' lang='lat' dir='ltr'>et</span> <span class='ocrx_word' id='word_1_84' title='bbox 1274 1737 1426 1806; x_wconf 88' lang='lat' dir='ltr'>commi·</span> 
     </span>
     <span class='ocr_line' id='line_1_13' title="bbox 192 1837 819 1928; baseline -0.003 -20"><span class='ocrx_word' id='word_1_85' title='bbox 192 1840 361 1909; x_wconf 88' lang='lat' dir='ltr'>xtionem</span> <span class='ocrx_word' id='word_1_86' title='bbox 386 1857 475 1909; x_wconf 89' lang='lat' dir='ltr'>cum</span> <span class='ocrx_word' id='word_1_87' title='bbox 500 1840 571 1909; x_wconf 90' lang='lat' dir='ltr'>alio</span> <span class='ocrx_word' id='word_1_88' title='bbox 594 1837 819 1928; x_wconf 69' lang='lat' dir='ltr'>sanguinet</span> 
     </span>
    </p>

    <p class='ocr_par' dir='ltr' id='par_1_4' title="bbox 191 1947 1424 2572">
     <span class='ocr_line' id='line_1_14' title="bbox 259 1947 1424 2036; baseline 0.004 -19"><span class='ocrx_word' id='word_1_89' title='bbox 259 1950 318 2017; x_wconf 86' lang='lat' dir='ltr'>Ex</span> <span class='ocrx_word' id='word_1_90' title='bbox 343 1948 401 2018; x_wconf 90' lang='lat' dir='ltr'>bis</span> <span class='ocrx_word' id='word_1_91' title='bbox 416 1953 541 2018; x_wconf 87' lang='lat' dir='ltr'>autem</span> <span class='ocrx_word' id='word_1_92' title='bbox 554 1949 732 2036; x_wconf 83' lang='lat' dir='ltr'>sequitur,</span> <span class='ocrx_word' id='word_1_93' title='bbox 750 1947 915 2017; x_wconf 89' lang='lat' dir='ltr'>validum</span> <span class='ocrx_word' id='word_1_94' title='bbox 929 1965 1016 2018; x_wconf 91' lang='lat' dir='ltr'>esse</span> <span class='ocrx_word' id='word_1_95' title='bbox 1032 1949 1313 2019; x_wconf 83' lang='lat' dir='ltr'>matrimonium</span> <span class='ocrx_word' id='word_1_96' title='bbox 1330 1952 1424 2022; x_wconf 89' lang='lat' dir='ltr'>inter</span> 
     </span>
     <span class='ocr_line' id='line_1_15' title="bbox 193 2054 1424 2147; baseline 0.003 -22"><span class='ocrx_word' id='word_1_97' title='bbox 193 2074 269 2141; x_wconf 92' lang='lat' dir='ltr'>eos,</span> <span class='ocrx_word' id='word_1_98' title='bbox 293 2073 457 2143; x_wconf 85' lang='lat' dir='ltr'>quorum</span> <span class='ocrx_word' id='word_1_99' title='bbox 484 2074 583 2125; x_wconf 92' lang='lat' dir='ltr'>unus</span> <span class='ocrx_word' id='word_1_100' title='bbox 607 2056 644 2123; x_wconf 93' lang='lat' dir='ltr'>in</span> <span class='ocrx_word' id='word_1_101' title='bbox 668 2073 740 2124; x_wconf 89' lang='lat' dir='ltr'>sua</span> <span class='ocrx_word' id='word_1_102' title='bbox 763 2054 858 2124; x_wconf 91' lang='lat' dir='ltr'>linea</span> <span class='ocrx_word' id='word_1_103' title='bbox 883 2059 1100 2125; x_wconf 89' lang='lat' dir='ltr'>transversa</span> <span class='ocrx_word' id='word_1_104' title='bbox 1125 2057 1280 2128; x_wconf 89' lang='lat' dir='ltr'>distata</span> <span class='ocrx_word' id='word_1_105' title='bbox 1305 2060 1424 2147; x_wconf 86' lang='lat' dir='ltr'>stipite</span> 
     </span>
     <span class='ocr_line' id='line_1_16' title="bbox 193 2161 1424 2251; baseline 0.002 -20"><span class='ocrx_word' id='word_1_106' title='bbox 193 2162 297 2232; x_wconf 83' lang='lat' dir='ltr'>ultra</span> <span class='ocrx_word' id='word_1_107' title='bbox 321 2169 508 2251; x_wconf 85' lang='lat' dir='ltr'>quartum,</span> <span class='ocrx_word' id='word_1_108' title='bbox 533 2162 625 2232; x_wconf 91' lang='lat' dir='ltr'>alter</span> <span class='ocrx_word' id='word_1_109' title='bbox 647 2164 684 2231; x_wconf 92' lang='lat' dir='ltr'>in</span> <span class='ocrx_word' id='word_1_110' title='bbox 708 2162 780 2232; x_wconf 85' lang='lat' dir='ltr'>alia</span> <span class='ocrx_word' id='word_1_111' title='bbox 802 2161 903 2230; x_wconf 78' lang='lat' dir='ltr'>intro</span> <span class='ocrx_word' id='word_1_112' title='bbox 930 2168 1106 2250; x_wconf 86' lang='lat' dir='ltr'>quartum</span> <span class='ocrx_word' id='word_1_113' title='bbox 1130 2164 1312 2251; x_wconf 89' lang='lat' dir='ltr'>gradum,</span> <span class='ocrx_word' id='word_1_114' title='bbox 1337 2184 1424 2235; x_wconf 88' lang='lat' dir='ltr'>oum</span> 
     </span>
     <span class='ocr_line' id='line_1_17' title="bbox 191 2269 1423 2358; baseline 0.004 -19"><span class='ocrx_word' id='word_1_115' title='bbox 191 2271 422 2358; x_wconf 90' lang='lat' dir='ltr'>computatio</span> <span class='ocrx_word' id='word_1_116' title='bbox 446 2269 612 2340; x_wconf 87' lang='lat' dir='ltr'>facienda</span> <span class='ocrx_word' id='word_1_117' title='bbox 640 2270 687 2340; x_wconf 89' lang='lat' dir='ltr'>sit</span> <span class='ocrx_word' id='word_1_118' title='bbox 711 2270 813 2341; x_wconf 86' lang='lat' dir='ltr'>iuxta</span> <span class='ocrx_word' id='word_1_119' title='bbox 844 2270 1006 2357; x_wconf 88' lang='lat' dir='ltr'>gradum</span> <span class='ocrx_word' id='word_1_120' title='bbox 1037 2270 1276 2340; x_wconf 91' lang='lat' dir='ltr'>remotiorem</span> <span class='ocrx_word' id='word_1_121' title='bbox 1311 2277 1351 2342; x_wconf 90' lang='lat' dir='ltr'>ut</span> <span class='ocrx_word' id='word_1_122' title='bbox 1373 2291 1423 2344; x_wconf 86' lang='lat' dir='ltr'>ex</span> 
     </span>
     <span class='ocr_line' id='line_1_18' title="bbox 192 2375 1423 2469; baseline 0.003 -23"><span class='ocrx_word' id='word_1_123' title='bbox 192 2378 365 2448; x_wconf 76' lang='lat' dir='ltr'>decretali</span> <span class='ocrx_word' id='word_1_124' title='bbox 382 2378 549 2467; x_wconf 79' lang='lat' dir='ltr'>Gregorii</span> <span class='ocrx_word' id='word_1_125' title='bbox 567 2378 620 2446; x_wconf 89' lang='lat' dir='ltr'>IX</span> <span class='ocrx_word' id='word_1_126' title='bbox 644 2375 671 2464; x_wconf 77' lang='lat'>⁸3</span> <span class='ocrx_word' id='word_1_127' title='bbox 687 2376 838 2465; x_wconf 86' lang='lat' dir='ltr'>-idque</span> <span class='ocrx_word' id='word_1_128' title='bbox 854 2380 923 2447; x_wconf 90' lang='lat' dir='ltr'>etsi</span> <span class='ocrx_word' id='word_1_129' title='bbox 941 2376 1033 2448; x_wconf 89' lang='lat' dir='ltr'>alter</span> <span class='ocrx_word' id='word_1_130' title='bbox 1049 2397 1125 2447; x_wconf 91' lang='lat' dir='ltr'>uno</span> <span class='ocrx_word' id='word_1_131' title='bbox 1142 2383 1285 2449; x_wconf 87' lang='lat' dir='ltr'>tantum</span> <span class='ocrx_word' id='word_1_132' title='bbox 1302 2381 1423 2469; x_wconf 87' lang='lat' dir='ltr'>gradu</span> 
     </span>
     <span class='ocr_line' id='line_1_19' title="bbox 192 2482 539 2572; baseline -0.014 -17"><span class='ocrx_word' id='word_1_133' title='bbox 192 2485 302 2555; x_wconf 85' lang='lat' dir='ltr'>distet</span> <span class='ocrx_word' id='word_1_134' title='bbox 324 2506 347 2556; x_wconf 89' lang='lat' dir='ltr'>a</span> <span class='ocrx_word' id='word_1_135' title='bbox 372 2486 493 2572; x_wconf 87' lang='lat' dir='ltr'>stipite</span> <span class='ocrx_word' id='word_1_136' title='bbox 517 2482 539 2550; x_wconf 76' lang='lat'>⁵.</span> 
     </span>
    </p>

    <p class='ocr_par' dir='ltr' id='par_1_5' title="bbox 190 2590 1424 3111">
     <span class='ocr_line' id='line_1_20' title="bbox 259 2590 1423 2682; baseline 0 -19"><span class='ocrx_word' id='word_1_137' title='bbox 259 2592 374 2664; x_wconf 85' lang='lat' dir='ltr'>Aliter</span> <span class='ocrx_word' id='word_1_138' title='bbox 397 2603 522 2663; x_wconf 90' lang='lat' dir='ltr'>tamen</span> <span class='ocrx_word' id='word_1_139' title='bbox 540 2611 582 2663; x_wconf 90' lang='lat' dir='ltr'>se</span> <span class='ocrx_word' id='word_1_140' title='bbox 598 2611 661 2662; x_wconf 92' lang='lat' dir='ltr'>res</span> <span class='ocrx_word' id='word_1_141' title='bbox 677 2592 788 2663; x_wconf 89' lang='lat' dir='ltr'>babet</span> <span class='ocrx_word' id='word_1_142' title='bbox 804 2593 840 2660; x_wconf 91' lang='lat' dir='ltr'>in</span> <span class='ocrx_word' id='word_1_143' title='bbox 855 2590 1019 2661; x_wconf 81' lang='lat' dir='ltr'>Ecclesia</span> <span class='ocrx_word' id='word_1_144' title='bbox 1034 2591 1217 2662; x_wconf 80' lang='lat' dir='ltr'>orientali.</span> <span class='ocrx_word' id='word_1_145' title='bbox 1232 2594 1423 2682; x_wconf 86' lang='lat' dir='ltr'>Siquidem</span> 
     </span>
     <span class='ocr_line' id='line_1_21' title="bbox 193 2698 1419 2788; baseline -0.001 -19"><span class='ocrx_word' id='word_1_146' title='bbox 193 2701 295 2770; x_wconf 86' lang='lat' dir='ltr'>iuxta</span> <span class='ocrx_word' id='word_1_147' title='bbox 308 2700 542 2787; x_wconf 83' lang='lat' dir='ltr'>disciplinam</span> <span class='ocrx_word' id='word_1_148' title='bbox 556 2698 654 2768; x_wconf 89' lang='lat' dir='ltr'>illius</span> <span class='ocrx_word' id='word_1_149' title='bbox 676 2699 874 2784; x_wconf 88' lang='lat' dir='ltr'>Ecclesiae,</span> <span class='ocrx_word' id='word_1_150' title='bbox 894 2706 934 2770; x_wconf 89' lang='lat' dir='ltr'>ut</span> <span class='ocrx_word' id='word_1_151' title='bbox 950 2703 1104 2769; x_wconf 79' lang='lat' dir='ltr'>testatur</span> <span class='ocrx_word' id='word_1_152' title='bbox 1120 2698 1419 2788; x_wconf 78' lang='lat' dir='ltr'>Pepp-Szilbgyi,</span> 
     </span>
     <span class='ocr_line' id='line_1_22' title="bbox 190 2805 1423 2897; baseline 0 -20"><span class='ocrx_word' id='word_1_153' title='bbox 190 2809 502 2897; x_wconf 86' lang='lat' dir='ltr'>impedimentum</span> <span class='ocrx_word' id='word_1_154' title='bbox 533 2805 865 2894; x_wconf 82' lang='lat' dir='ltr'>consanguinitatis</span> <span class='ocrx_word' id='word_1_155' title='bbox 895 2807 1107 2876; x_wconf 89' lang='lat' dir='ltr'>extenditur</span> <span class='ocrx_word' id='word_1_156' title='bbox 1136 2826 1258 2895; x_wconf 82' lang='lat' dir='ltr'>usque</span> <span class='ocrx_word' id='word_1_157' title='bbox 1287 2807 1337 2877; x_wconf 90' lang='lat' dir='ltr'>ad</span> <span class='ocrx_word' id='word_1_158' title='bbox 1368 2825 1423 2877; x_wconf 81' lang='lat' dir='ltr'>se</span> 
     </span>
     <span class='ocr_line' id='line_1_23' title="bbox 191 2913 1424 3005; baseline -0.002 -20"><span class='ocrx_word' id='word_1_159' title='bbox 191 2914 538 3005; x_wconf 78' lang='lat' dir='ltr'>ptimum=gradum</span> <span class='ocrx_word' id='word_1_160' title='bbox 566 2913 746 2983; x_wconf 88' lang='lat' dir='ltr'>inclusive</span> <span class='ocrx_word' id='word_1_161' title='bbox 772 2914 875 2983; x_wconf 87' lang='lat' dir='ltr'>iuxta</span> <span class='ocrx_word' id='word_1_162' title='bbox 909 2913 1057 2984; x_wconf 90' lang='lat' dir='ltr'>civilem</span> <span class='ocrx_word' id='word_1_163' title='bbox 1088 2914 1424 3001; x_wconf 89' lang='lat' dir='ltr'>computationem;</span> 
     </span>
     <span class='ocr_line' id='line_1_24' title="bbox 190 3019 1424 3111; baseline -0.001 -19"><span class='ocrx_word' id='word_1_164' title='bbox 190 3028 304 3111; x_wconf 86' lang='lat' dir='ltr'>atque</span> <span class='ocrx_word' id='word_1_165' title='bbox 326 3022 411 3092; x_wconf 89' lang='lat' dir='ltr'>ideo</span> <span class='ocrx_word' id='word_1_166' title='bbox 439 3021 744 3107; x_wconf 86' lang='lat' dir='ltr'>consanguinitas</span> <span class='ocrx_word' id='word_1_167' title='bbox 774 3020 810 3088; x_wconf 92' lang='lat' dir='ltr'>in</span> <span class='ocrx_word' id='word_1_168' title='bbox 842 3024 975 3090; x_wconf 88' lang='lat' dir='ltr'>octavo</span> <span class='ocrx_word' id='word_1_169' title='bbox 1008 3019 1139 3108; x_wconf 87' lang='lat' dir='ltr'>gradu,</span> <span class='ocrx_word' id='word_1_170' title='bbox 1171 3020 1233 3107; x_wconf 86' lang='lat' dir='ltr'>qui</span> <span class='ocrx_word' id='word_1_171' title='bbox 1266 3021 1424 3109; x_wconf 89' lang='lat' dir='ltr'>integrat</span> 
     </span>
    </p>
   </div>
   <div class='ocr_carea' id='block_1_4' title="bbox 190 3215 1428 4379">
    <p class='ocr_par' dir='ltr' id='par_1_6' title="bbox 191 3215 1428 3689">
     <span class='ocr_line' id='line_1_25' title="bbox 192 3215 1427 3298; baseline -0.004 -20"><span class='ocrx_word' id='word_1_172' title='bbox 192 3219 342 3290; x_wconf 84' lang='lat' dir='ltr'>excludit,</span> <span class='ocrx_word' id='word_1_173' title='bbox 362 3223 396 3278; x_wconf 88' lang='lat' dir='ltr'>ut</span> <span class='ocrx_word' id='word_1_174' title='bbox 417 3235 456 3277; x_wconf 85' lang='lat' dir='ltr'>ex</span> <span class='ocrx_word' id='word_1_175' title='bbox 476 3218 496 3298; x_wconf 67' lang='lat' dir='ltr'>g</span> <span class='ocrx_word' id='word_1_176' title='bbox 518 3215 550 3276; x_wconf 80' lang='grc'>4.</span> <span class='ocrx_word' id='word_1_177' title='bbox 569 3216 678 3275; x_wconf 71' lang='lat' dir='ltr'>[natet</span> <span class='ocrx_word' id='word_1_178' title='bbox 697 3215 744 3275; x_wconf 85' lang='lat' dir='ltr'>Dc</span> <span class='ocrx_word' id='word_1_179' title='bbox 765 3218 906 3292; x_wconf 76' lang='lat' dir='ltr'>nuptiis.</span> <span class='ocrx_word' id='word_1_180' title='bbox 924 3217 1032 3292; x_wconf 84' lang='lat' dir='ltr'>Itaque</span> <span class='ocrx_word' id='word_1_181' title='bbox 1048 3216 1094 3273; x_wconf 89' lang='lat' dir='ltr'>ius</span> <span class='ocrx_word' id='word_1_182' title='bbox 1108 3215 1203 3274; x_wconf 87' lang='lat' dir='ltr'>civile</span> <span class='ocrx_word' id='word_1_183' title='bbox 1219 3215 1343 3292; x_wconf 85' lang='lat' dir='ltr'>nuptias</span> <span class='ocrx_word' id='word_1_184' title='bbox 1356 3233 1427 3292; x_wconf 92' lang='lat' dir='ltr'>pro·</span> 
     </span>
     <span class='ocr_line' id='line_1_26' title="bbox 193 3314 1428 3392; baseline -0.004 -14"><span class='ocrx_word' id='word_1_185' title='bbox 193 3320 247 3378; x_wconf 85' lang='lat' dir='ltr'>bat</span> <span class='ocrx_word' id='word_1_186' title='bbox 268 3318 530 3387; x_wconf 84' lang='lat' dir='ltr'>consobrinorum,</span> <span class='ocrx_word' id='word_1_187' title='bbox 548 3333 622 3392; x_wconf 88' lang='lat' dir='ltr'>quos</span> <span class='ocrx_word' id='word_1_188' title='bbox 644 3316 777 3375; x_wconf 84' lang='lat' dir='ltr'>collocat</span> <span class='ocrx_word' id='word_1_189' title='bbox 798 3316 828 3374; x_wconf 91' lang='lat' dir='ltr'>in</span> <span class='ocrx_word' id='word_1_190' title='bbox 848 3319 960 3390; x_wconf 86' lang='lat' dir='ltr'>quarto</span> <span class='ocrx_word' id='word_1_191' title='bbox 979 3314 1087 3392; x_wconf 84' lang='lat' dir='ltr'>gradu.</span> <span class='ocrx_word' id='word_1_192' title='bbox 1104 3317 1148 3374; x_wconf 85' lang='lat' dir='ltr'>At</span> <span class='ocrx_word' id='word_1_193' title='bbox 1169 3333 1299 3373; x_wconf 84' lang='lat' dir='ltr'>canones</span> <span class='ocrx_word' id='word_1_194' title='bbox 1314 3315 1428 3392; x_wconf 87' lang='lat' dir='ltr'>impro-</span> 
     </span>
     <span class='ocr_line' id='line_1_27' title="bbox 192 3413 1428 3491; baseline -0.002 -16"><span class='ocrx_word' id='word_1_195' title='bbox 192 3417 267 3475; x_wconf 85' lang='lat' dir='ltr'>bant</span> <span class='ocrx_word' id='word_1_196' title='bbox 289 3414 346 3473; x_wconf 86' lang='lat' dir='ltr'>has</span> <span class='ocrx_word' id='word_1_197' title='bbox 362 3413 496 3491; x_wconf 86' lang='lat' dir='ltr'>nuptias,</span> <span class='ocrx_word' id='word_1_198' title='bbox 513 3432 571 3473; x_wconf 90' lang='lat' dir='ltr'>nou</span> <span class='ocrx_word' id='word_1_199' title='bbox 594 3414 693 3473; x_wconf 88' lang='lat' dir='ltr'>solum</span> <span class='ocrx_word' id='word_1_200' title='bbox 707 3413 785 3490; x_wconf 92' lang='lat' dir='ltr'>quod</span> <span class='ocrx_word' id='word_1_201' title='bbox 807 3417 839 3473; x_wconf 88' lang='lat' dir='ltr'>et</span> <span class='ocrx_word' id='word_1_202' title='bbox 853 3418 998 3489; x_wconf 84' lang='lat' dir='ltr'>quartum</span> <span class='ocrx_word' id='word_1_203' title='bbox 1015 3413 1143 3489; x_wconf 83' lang='lat' dir='ltr'>gradum</span> <span class='ocrx_word' id='word_1_204' title='bbox 1165 3413 1331 3473; x_wconf 84' lang='lat' dir='ltr'>interdicto</span> <span class='ocrx_word' id='word_1_205' title='bbox 1346 3431 1428 3472; x_wconf 86' lang='lat' dir='ltr'>com·</span> 
     </span>
     <span class='ocr_line' id='line_1_28' title="bbox 191 3511 1423 3592; baseline -0.002 -19"><span class='ocrx_word' id='word_1_206' title='bbox 191 3513 394 3592; x_wconf 86' lang='lat' dir='ltr'>prehendunt,</span> <span class='ocrx_word' id='word_1_207' title='bbox 418 3513 470 3572; x_wconf 90' lang='lat' dir='ltr'>sed</span> <span class='ocrx_word' id='word_1_208' title='bbox 491 3513 586 3572; x_wconf 83' lang='lat' dir='ltr'>etiam</span> <span class='ocrx_word' id='word_1_209' title='bbox 607 3512 685 3588; x_wconf 90' lang='lat' dir='ltr'>quod</span> <span class='ocrx_word' id='word_1_210' title='bbox 707 3529 819 3571; x_wconf 82' lang='lat' dir='ltr'>revera</span> <span class='ocrx_word' id='word_1_211' title='bbox 840 3511 901 3588; x_wconf 89' lang='lat' dir='ltr'>ipsi</span> <span class='ocrx_word' id='word_1_212' title='bbox 922 3511 1096 3571; x_wconf 87' lang='lat' dir='ltr'>consobrini</span> <span class='ocrx_word' id='word_1_213' title='bbox 1119 3512 1150 3570; x_wconf 90' lang='lat' dir='ltr'>in</span> <span class='ocrx_word' id='word_1_214' title='bbox 1171 3513 1302 3571; x_wconf 71' lang='lat' dir='ltr'>meando</span> <span class='ocrx_word' id='word_1_215' title='bbox 1326 3513 1423 3589; x_wconf 84' lang='lat' dir='ltr'>gradu</span> 
     </span>
     <span class='ocr_line' id='line_1_29' title="bbox 192 3609 894 3689; baseline -0.001 -19"><span class='ocrx_word' id='word_1_216' title='bbox 192 3616 263 3672; x_wconf 90' lang='lat' dir='ltr'>sunt</span> <span class='ocrx_word' id='word_1_217' title='bbox 285 3609 411 3689; x_wconf 86' lang='lat' dir='ltr'>(Devoti</span> <span class='ocrx_word' id='word_1_218' title='bbox 435 3612 490 3670; x_wconf 88' lang='lat' dir='ltr'>loc.</span> <span class='ocrx_word' id='word_1_219' title='bbox 517 3613 570 3670; x_wconf 82' lang='lat' dir='ltr'>cit.</span> <span class='ocrx_word' id='word_1_220' title='bbox 595 3628 663 3670; x_wconf 88' lang='lat' dir='ltr'>cum</span> <span class='ocrx_word' id='word_1_221' title='bbox 686 3611 815 3671; x_wconf 77' lang='lat' dir='ltr'>adnant</span> <span class='ocrx_word' id='word_1_222' title='bbox 835 3612 894 3689; x_wconf 83' lang='grc'><strong>4.).</strong></span> 
     </span>
    </p>

    <p class='ocr_par' dir='ltr' id='par_1_7' title="bbox 259 3709 742 3787">
     <span class='ocr_line' id='line_1_30' title="bbox 259 3709 742 3787; baseline -0.004 -17"><span class='ocrx_word' id='word_1_223' title='bbox 259 3712 269 3748; x_wconf 93' lang='lat'>¹</span> <span class='ocrx_word' id='word_1_224' title='bbox 293 3709 359 3770; x_wconf 81' lang='lat' dir='ltr'>cfr.</span> <span class='ocrx_word' id='word_1_225' title='bbox 384 3710 439 3770; x_wconf 84' lang='lat' dir='ltr'>cit.</span> <span class='ocrx_word' id='word_1_226' title='bbox 462 3728 530 3787; x_wconf 80' lang='lat' dir='ltr'>cap.</span> <span class='ocrx_word' id='word_1_227' title='bbox 555 3727 621 3767; x_wconf 90' lang='lat' dir='ltr'>non</span> <span class='ocrx_word' id='word_1_228' title='bbox 644 3709 742 3768; x_wconf 83' lang='lat' dir='ltr'>debet.</span> 
     </span>
    </p>

    <p class='ocr_par' dir='ltr' id='par_1_8' title="bbox 257 3807 1140 3889">
     <span class='ocr_line' id='line_1_31' title="bbox 257 3807 1140 3889; baseline -0.003 -18"><span class='ocrx_word' id='word_1_229' title='bbox 257 3811 427 3889; x_wconf 75' lang='lat' dir='ltr'>&#39;Pirhing</span> <span class='ocrx_word' id='word_1_230' title='bbox 451 3812 505 3870; x_wconf 80' lang='lat' dir='ltr'>lib.</span> <span class='ocrx_word' id='word_1_231' title='bbox 530 3807 561 3869; x_wconf 80' lang='grc'>4.</span> <span class='ocrx_word' id='word_1_232' title='bbox 587 3811 634 3868; x_wconf 86' lang='lat' dir='ltr'>tit.</span> <span class='ocrx_word' id='word_1_233' title='bbox 662 3808 716 3871; x_wconf 82' lang='lat'>14.</span> <span class='ocrx_word' id='word_1_234' title='bbox 742 3828 777 3868; x_wconf 89' lang='lat' dir='ltr'>n.</span> <span class='ocrx_word' id='word_1_235' title='bbox 804 3808 858 3868; x_wconf 86' lang='lat'>16.</span> <span class='ocrx_word' id='word_1_236' title='bbox 883 3809 984 3869; x_wconf 78' lang='lat' dir='ltr'>citans</span> <span class='ocrx_word' id='word_1_237' title='bbox 1006 3809 1140 3868; x_wconf 85' lang='lat' dir='ltr'>Tanner.</span> 
     </span>
    </p>

    <p class='ocr_par' dir='ltr' id='par_1_9' title="bbox 190 3905 1425 4379">
     <span class='ocr_line' id='line_1_32' title="bbox 257 3905 1425 3986; baseline -0.001 -17"><span class='ocrx_word' id='word_1_238' title='bbox 257 3910 374 3969; x_wconf 76' lang='lat' dir='ltr'>³Hiuo</span> <span class='ocrx_word' id='word_1_239' title='bbox 396 3912 485 3969; x_wconf 83' lang='lat' dir='ltr'>notat</span> <span class='ocrx_word' id='word_1_240' title='bbox 506 3909 644 3968; x_wconf 84' lang='lat' dir='ltr'>Sauchez</span> <span class='ocrx_word' id='word_1_241' title='bbox 669 3907 722 3966; x_wconf 82' lang='lat' dir='ltr'>lib.</span> <span class='ocrx_word' id='word_1_242' title='bbox 757 3906 788 3964; x_wconf 91' lang='lat'>7.</span> <span class='ocrx_word' id='word_1_243' title='bbox 812 3908 897 3984; x_wconf 77' lang='lat' dir='ltr'>disp.</span> <span class='ocrx_word' id='word_1_244' title='bbox 922 3905 977 3966; x_wconf 85' lang='lat'>53.</span> <span class='ocrx_word' id='word_1_245' title='bbox 1002 3925 1036 3965; x_wconf 85' lang='lat' dir='ltr'>n.</span> <span class='ocrx_word' id='word_1_246' title='bbox 1064 3907 1096 3964; x_wconf 91' lang='lat'>6.</span> <span class='ocrx_word' id='word_1_247' title='bbox 1120 3912 1152 3967; x_wconf 90' lang='lat' dir='ltr'>et</span> <span class='ocrx_word' id='word_1_248' title='bbox 1172 3924 1212 3967; x_wconf 78' lang='lat' dir='ltr'>ex</span> <span class='ocrx_word' id='word_1_249' title='bbox 1233 3927 1267 3967; x_wconf 91' lang='lat' dir='ltr'>eo</span> <span class='ocrx_word' id='word_1_250' title='bbox 1290 3909 1425 3986; x_wconf 88' lang='lat' dir='ltr'>Pirhiug</span> 
     </span>
     <span class='ocr_line' id='line_1_33' title="bbox 192 4005 1423 4084; baseline -0.003 -17"><span class='ocrx_word' id='word_1_251' title='bbox 192 4005 250 4067; x_wconf 85' lang='lat' dir='ltr'>loc.</span> <span class='ocrx_word' id='word_1_252' title='bbox 274 4009 328 4067; x_wconf 85' lang='lat' dir='ltr'>cit.</span> <span class='ocrx_word' id='word_1_253' title='bbox 362 4007 515 4067; x_wconf 82' lang='lat' dir='ltr'>rationem</span> <span class='ocrx_word' id='word_1_254' title='bbox 536 4006 625 4066; x_wconf 85' lang='lat' dir='ltr'>illam</span> <span class='ocrx_word' id='word_1_255' title='bbox 651 4024 706 4084; x_wconf 88' lang='lat' dir='ltr'>per</span> <span class='ocrx_word' id='word_1_256' title='bbox 728 4006 848 4065; x_wconf 89' lang='lat' dir='ltr'>modum</span> <span class='ocrx_word' id='word_1_257' title='bbox 873 4007 1113 4081; x_wconf 60' lang='lat' dir='ltr'>congruentiae</span> <span class='ocrx_word' id='word_1_258' title='bbox 1133 4005 1287 4066; x_wconf 85' lang='lat' dir='ltr'>adiectam</span> <span class='ocrx_word' id='word_1_259' title='bbox 1314 4006 1423 4066; x_wconf 82' lang='lat' dir='ltr'>lucit.</span> 
     </span>
     <span class='ocr_line' id='line_1_34' title="bbox 190 4102 1423 4181; baseline -0.002 -17"><span class='ocrx_word' id='word_1_260' title='bbox 190 4123 258 4181; x_wconf 85' lang='lat' dir='ltr'>cap.</span> <span class='ocrx_word' id='word_1_261' title='bbox 275 4122 345 4164; x_wconf 86' lang='lat' dir='ltr'>non</span> <span class='ocrx_word' id='word_1_262' title='bbox 361 4105 461 4172; x_wconf 80' lang='lat' dir='ltr'>dedet,</span> <span class='ocrx_word' id='word_1_263' title='bbox 475 4104 597 4165; x_wconf 86' lang='lat' dir='ltr'>scilicet</span> <span class='ocrx_word' id='word_1_264' title='bbox 611 4104 841 4164; x_wconf 87' lang='lat' dir='ltr'>restrictionem</span> <span class='ocrx_word' id='word_1_265' title='bbox 857 4103 923 4163; x_wconf 87' lang='lat' dir='ltr'>ideo</span> <span class='ocrx_word' id='word_1_266' title='bbox 940 4102 1056 4163; x_wconf 83' lang='lat' dir='ltr'>factam</span> <span class='ocrx_word' id='word_1_267' title='bbox 1072 4104 1109 4162; x_wconf 85' lang='lat' dir='ltr'>ad</span> <span class='ocrx_word' id='word_1_268' title='bbox 1121 4109 1267 4180; x_wconf 85' lang='lat' dir='ltr'>quartum</span> <span class='ocrx_word' id='word_1_269' title='bbox 1282 4103 1423 4180; x_wconf 84' lang='lat' dir='ltr'>gradum,</span> 
     </span>
     <span class='ocr_line' id='line_1_35' title="bbox 190 4201 1422 4281; baseline 0 -20"><span class='ocrx_word' id='word_1_270' title='bbox 190 4203 268 4280; x_wconf 88' lang='lat' dir='ltr'>quod</span> <span class='ocrx_word' id='word_1_271' title='bbox 288 4221 397 4281; x_wconf 89' lang='lat' dir='ltr'>corpus</span> <span class='ocrx_word' id='word_1_272' title='bbox 413 4206 578 4263; x_wconf 84' lang='lat' dir='ltr'>humanum</span> <span class='ocrx_word' id='word_1_273' title='bbox 593 4207 715 4263; x_wconf 87' lang='lat' dir='ltr'>constet</span> <span class='ocrx_word' id='word_1_274' title='bbox 734 4207 866 4279; x_wconf 84' lang='lat' dir='ltr'>quatuor</span> <span class='ocrx_word' id='word_1_275' title='bbox 881 4201 1060 4261; x_wconf 87' lang='lat' dir='ltr'>humoribus</span> <span class='ocrx_word' id='word_1_276' title='bbox 1075 4220 1128 4260; x_wconf 89' lang='lat' dir='ltr'>seu</span> <span class='ocrx_word' id='word_1_277' title='bbox 1142 4202 1315 4273; x_wconf 86' lang='lat' dir='ltr'>elementis,</span> <span class='ocrx_word' id='word_1_278' title='bbox 1333 4203 1422 4261; x_wconf 84' lang='lat' dir='ltr'>iuxta</span> 
     </span>
     <span class='ocr_line' id='line_1_36' title="bbox 192 4301 1422 4379; baseline -0.001 -19"><span class='ocrx_word' id='word_1_279' title='bbox 192 4302 351 4378; x_wconf 84' lang='lat' dir='ltr'>antiquam</span> <span class='ocrx_word' id='word_1_280' title='bbox 372 4302 568 4379; x_wconf 83' lang='lat' dir='ltr'>physicorum</span> <span class='ocrx_word' id='word_1_281' title='bbox 591 4301 776 4379; x_wconf 86' lang='lat' dir='ltr'>opinionem,</span> <span class='ocrx_word' id='word_1_282' title='bbox 793 4320 852 4361; x_wconf 90' lang='lat' dir='ltr'>nou</span> <span class='ocrx_word' id='word_1_283' title='bbox 873 4301 921 4361; x_wconf 84' lang='lat' dir='ltr'>ita</span> <span class='ocrx_word' id='word_1_284' title='bbox 941 4301 1106 4361; x_wconf 80' lang='lat' dir='ltr'>ridiculam</span> <span class='ocrx_word' id='word_1_285' title='bbox 1127 4305 1160 4361; x_wconf 90' lang='lat' dir='ltr'>et</span> <span class='ocrx_word' id='word_1_286' title='bbox 1184 4301 1334 4378; x_wconf 88' lang='lat' dir='ltr'>puerilem</span> <span class='ocrx_word' id='word_1_287' title='bbox 1355 4319 1422 4360; x_wconf 88' lang='lat' dir='ltr'>esse</span> 
     </span>
    </p>
   </div>
   <div class='ocr_carea' id='block_1_5' title="bbox 191 4400 1043 4574">
    <p class='ocr_par' dir='ltr' id='par_1_10' title="bbox 191 4400 1043 4574">
     <span class='ocr_line' id='line_1_37' title="bbox 191 4400 619 4460; baseline 0.002 -2"><span class='ocrx_word' id='word_1_288' title='bbox 191 4404 225 4459; x_wconf 88' lang='lat' dir='ltr'>ut</span> <span class='ocrx_word' id='word_1_289' title='bbox 245 4400 438 4460; x_wconf 82' lang='lat' dir='ltr'>cavillantur</span> <span class='ocrx_word' id='word_1_290' title='bbox 459 4400 619 4460; x_wconf 82' lang='lat' dir='ltr'>baeretici.</span> 
     </span>
     <span class='ocr_line' id='line_1_38' title="bbox 257 4496 1043 4574; baseline -0.003 -17"><span class='ocrx_word' id='word_1_291' title='bbox 257 4497 270 4534; x_wconf 89' lang='lat'><strong>⁴</strong></span> <span class='ocrx_word' id='word_1_292' title='bbox 291 4496 364 4574; x_wconf 82' lang='lat' dir='ltr'>Oap.</span> <span class='ocrx_word' id='word_1_293' title='bbox 390 4499 441 4555; x_wconf 84' lang='lat' dir='ltr'>vir</span> <span class='ocrx_word' id='word_1_294' title='bbox 462 4500 522 4574; x_wconf 81' lang='lat' dir='ltr'>qni</span> <span class='ocrx_word' id='word_1_295' title='bbox 543 4496 574 4555; x_wconf 89' lang='lat'>9.</span> <span class='ocrx_word' id='word_1_296' title='bbox 599 4504 630 4557; x_wconf 89' lang='lat' dir='ltr'>et</span> <span class='ocrx_word' id='word_1_297' title='bbox 649 4497 709 4557; x_wconf 83' lang='lat' dir='ltr'>ult.</span> <span class='ocrx_word' id='word_1_298' title='bbox 734 4497 773 4556; x_wconf 87' lang='lat' dir='ltr'>de</span> <span class='ocrx_word' id='word_1_299' title='bbox 794 4500 1043 4573; x_wconf 66' lang='lat' dir='ltr'>consanguinit.</span> 
     </span>
    </p>
   </div>
   <div class='ocr_carea' id='block_1_6' title="bbox 257 4593 1374 4672">
    <p class='ocr_par' dir='ltr' id='par_1_11' title="bbox 257 4593 1374 4672">
     <span class='ocr_line' id='line_1_39' title="bbox 257 4593 1374 4672; baseline -0.001 -18"><span class='ocrx_word' id='word_1_300' title='bbox 257 4595 269 4632; x_wconf 75' lang='lat'><strong>⁶</strong></span> <span class='ocrx_word' id='word_1_301' title='bbox 290 4596 429 4655; x_wconf 84' lang='lat' dir='ltr'>Sauchez</span> <span class='ocrx_word' id='word_1_302' title='bbox 453 4597 474 4654; x_wconf 86' lang='lat' dir='ltr'>l.</span> <span class='ocrx_word' id='word_1_303' title='bbox 498 4612 524 4654; x_wconf 87' lang='lat' dir='ltr'>c.</span> <span class='ocrx_word' id='word_1_304' title='bbox 549 4614 585 4654; x_wconf 89' lang='lat' dir='ltr'>n.</span> <span class='ocrx_word' id='word_1_305' title='bbox 603 4593 635 4654; x_wconf 92' lang='lat'>5.</span> <span class='ocrx_word' id='word_1_306' title='bbox 653 4595 788 4672; x_wconf 86' lang='lat' dir='ltr'>Pirbiug</span> <span class='ocrx_word' id='word_1_307' title='bbox 811 4596 831 4655; x_wconf 87' lang='lat' dir='ltr'>l.</span> <span class='ocrx_word' id='word_1_308' title='bbox 856 4612 883 4654; x_wconf 90' lang='lat' dir='ltr'>c.</span> <span class='ocrx_word' id='word_1_309' title='bbox 902 4613 937 4654; x_wconf 91' lang='lat' dir='ltr'>n.</span> <span class='ocrx_word' id='word_1_310' title='bbox 958 4595 1012 4657; x_wconf 87' lang='lat'>17.</span> <span class='ocrx_word' id='word_1_311' title='bbox 1030 4612 1099 4655; x_wconf 86' lang='lat' dir='ltr'>cum</span> <span class='ocrx_word' id='word_1_312' title='bbox 1114 4594 1374 4654; x_wconf 85' lang='lat' dir='ltr'>communissima.</span> 
     </span>
    </p>
   </div>
   <div class='ocr_carea' id='block_1_7' title="bbox 0 0 1760 5317">
    <p class='ocr_par' dir='ltr' id='par_1_12' title="bbox 0 0 1760 5317">
     <span class='ocr_line' id='line_1_40' title="bbox 0 0 1760 5317; baseline 0 2"><span class='ocrx_word' id='word_1_313' title='bbox 0 0 1760 5317; x_wconf 95' lang='lat' dir='ltr'> </span> 
     </span>
    </p>
   </div>
  </div>
 </body>
</html>
