3509 5317
672 573 720 601 ,-
741 540 782 600 95
802 572 840 586 -

147 669 221 745 uno
246 673 444 762 profitente
468 680 590 763 potest
611 675 704 745 alter
729 693 849 746 novas
867 676 1016 763 nuptias
1041 676 1132 746 inire
1151 674 1179 763 ¹3
1208 694 1283 745 non
1309 676 1380 745 dis·

145 782 303 854 solvitur
326 788 453 853 tamen
484 784 764 853 matrimonium
798 788 928 853 rutum
959 803 1034 853 non
1066 790 1376 855 consummatum

146 908 213 976 per
236 890 335 958 sacri
359 889 499 959 ordinis
522 892 809 977 susceptionem,
835 897 872 960 et
897 892 1013 962 multo
1038 893 1164 961 minus
1195 911 1262 978 per
1294 891 1380 961 sint·

147 997 235 1085 plex
258 997 436 1067 castitatis
461 1003 588 1066 votum
613 995 637 1064 ².
669 998 769 1067 Dicta
797 999 888 1067 ratio
913 998 1158 1070 confirmatur
1188 999 1299 1068 etiam
1328 1018 1379 1068 ex

133 1098 265 1192 ‘ipsius
290 1103 477 1173 Ecclesiae
501 1103 705 1190 disciplina,
729 1124 817 1174 cum
843 1111 995 1192 constet,
1020 1124 1200 1175 romanos
1229 1104 1378 1175 Pontifi-

145 1230 211 1281 ces
234 1212 375 1299 pluries
398 1210 616 1281 dissolvisse
640 1212 876 1282 matrimonia
900 1213 1115 1300 simpliciter
1144 1219 1220 1283 rata
1254 1214 1302 1281 ad
1327 1213 1378 1280 in·

147 1318 321 1389 stantiam
347 1320 459 1386 unius
483 1318 662 1406 coniugis,
687 1319 803 1388 altero
827 1338 903 1388 non
927 1320 1190 1405 consentiente,
1224 1326 1289 1388 aut
1320 1338 1381 1407 pe-

146 1427 247 1495 nitus
270 1425 383 1493 invito
406 1435 442 1494 et
466 1425 668 1517 reluctante
693 1433 803 1513 prout
826 1431 1008 1496 testantur
1040 1426 1266 1496 Benedictus
1289 1426 1379 1494 XIV

146 1534 181 1601 in
207 1531 491 1619 quaestionibus
513 1530 730 1601 canonicis⁸
754 1538 790 1602 et
814 1533 962 1620 Ursaya
982 1531 1005 1600 ⁸.

216 1641 269 1707 16.
295 1636 545 1711 Rationubilia
568 1643 605 1707 et
626 1639 755 1726 prunis
779 1661 908 1709 causa.
932 1678 955 1687 -
980 1640 1148 1709 &eundo
1165 1645 1307 1709 certum
1323 1646 1381 1709 est

147 1748 195 1817 ad
221 1747 343 1833 ipsam
370 1742 599 1816 caliditatem
627 1748 919 1834 dispensationis
949 1747 1134 1818 eiusmodi
1164 1750 1378 1818 necessario

148 1854 286 1942 requiri
312 1853 446 1922 iustam
471 1872 639 1941 causam;
671 1861 707 1923 et
738 1863 775 1924 ut
807 1852 905 1924 licite
935 1854 1090 1924 concedi
1122 1864 1158 1923 et
1189 1855 1380 1940 impetrari

149 1961 277 2048 possit,
303 1960 440 2047 requiri
464 1979 619 2031 causant
643 1954 809 2049 gravem.

216 2069 259 2136 Et
283 2068 385 2154 quod
409 2067 456 2136 ad
482 2066 712 2138 validitatem
737 2070 871 2154 attinet
887 2071 1066 2139 Doctores
1083 2068 1275 2138 communi
1299 2082 1382 2137 sen·

148 2176 259 2245 tentia
285 2176 428 2257 docent,
454 2175 751 2262 dispensationes
773 2177 809 2244 in
826 2178 1102 2264 impedimentis
1118 2197 1140 2247 a
1157 2178 1237 2245 iure
1253 2175 1380 2245 divino

149 2282 207 2351 vel
231 2281 392 2352 naturali
415 2282 583 2368 inductis,
608 2284 861 2353 necessariam
875 2286 1028 2353 omnino
1041 2304 1127 2356 esse
1139 2286 1273 2355 iustam
1291 2303 1380 2353 cau·

147 2408 243 2474 sain,
268 2409 344 2477 qua
368 2389 572 2475 deficiente,
597 2391 693 2460 irrita
719 2398 776 2460 est
799 2393 1037 2479 dispensatio.
1074 2393 1181 2461 Ratio
1206 2398 1264 2461 est
1292 2391 1378 2480 quia

128 2498 367 2578 ,huiusmodi
391 2497 688 2584 dispensationes
712 2517 786 2568 non
812 2501 1016 2588 respiciunt
1039 2501 1229 2587 propriam
1247 2499 1380 2568 consti·

149 2608 328 2675 tutionem
347 2624 416 2675 seu
428 2606 519 2674 iuris
531 2607 780 2694 ecclesiastici,
794 2609 860 2676 sed
876 2608 996 2695 legem
1010 2608 1224 2694 superioris;
1243 2625 1382 2695 nempe

148 2715 224 2797 Dei,
249 2715 285 2782 in
311 2733 385 2801 qua
409 2714 562 2801 quidem
588 2714 673 2800 plus
697 2714 864 2785 Pontifex
889 2718 1026 2804 nequit,
1052 2734 1168 2804 quam
1192 2716 1260 2803 ipsi
1279 2717 1382 2784 Deus

148 2822 385 2891 concesserit.
411 2821 521 2910 Atqui
545 2821 577 2889 ei
592 2823 692 2891 Deus
705 2827 926 2910 potestatem
939 2823 1291 2892 administratoriam
1307 2831 1381 2892 tan·

151 2938 229 2999 tum
256 2929 449 3011 concessit,
474 2929 508 2996 ln
527 2922 711 3014 quantuni
727 2930 1045 3016 dispensationem
1063 2931 1176 3019 exigit
1191 2931 1382 3003 Ecclesiae

150 3035 293 3105 bonnm
319 3041 355 3104 et
376 3034 542 3104 fidelium
566 3034 682 3105 salus.
706 3073 729 3083 —
752 3037 849 3121 Ergo
875 3043 916 3106 ut
932 3038 1033 3125 Papa
1053 3037 1172 3107 valide
1188 3038 1384 3124 dispenset

150 3142 186 3209 in
210 3142 488 3228 impedimentis
511 3161 532 3210 a
558 3144 637 3211 iure
660 3140 785 3211 divino
811 3143 869 3212 rel
893 3144 1053 3214 naturali
1069 3145 1238 3227 inductis,
1258 3152 1396 3213 neces

152 3251 251 3317 sario
275 3249 474 3336 requiritur
497 3267 624 3334 causa,
655 3249 792 3319 scilicet
823 3250 966 3319 bonum
998 3271 1065 3320 seu
1099 3252 1218 3321 maior
1247 3250 1383 3320 utilitas

152 3356 349 3440 Ecclesiae,
374 3355 431 3424 vel
456 3356 561 3425 salus
583 3374 652 3425 seu
677 3357 881 3427 necessitas
913 3359 1126 3427 animarum
1153 3355 1176 3425 ⁵.
1207 3395 1230 3405 -
1260 3358 1382 3427 Causa

152 3481 242 3531 vero
266 3449 378 3532 debet
400 3481 484 3533 esse
508 3461 623 3548 iustu,
649 3463 787 3532 scilicet
809 3462 1003 3552 suffierens
1027 3471 1063 3533 et
1087 3463 1263 3553 lepitrnru,
1295 3464 1382 3552 quia

153 3569 305 3657 quando
335 3571 456 3658 agitur
486 3571 533 3640 de
562 3570 837 3658 dispensatione
867 3572 903 3637 in
930 3570 1010 3659 lege
1040 3572 1254 3657 superioris,
1285 3573 1317 3640 si
1345 3572 1382 3641 id

153 3675 258 3747 fleret
282 3695 332 3745 ex
355 3695 470 3746 causa
495 3677 596 3747 haud
622 3677 728 3763 iusta,
761 3676 859 3747 idem
885 3688 986 3747 esset
1008 3696 1052 3747 ao
1075 3680 1107 3745 si
1137 3679 1290 3747 daretur
1315 3679 1385 3747 dis·

154 3784 320 3872 pensatio
344 3783 489 3872 absque
523 3800 659 3870 causa,
687 3795 726 3853 ut
756 3786 828 3853 DD.
860 3784 1007 3870 plurimi
1042 3785 1181 3855 citatia
1213 3785 1384 3856 Sanchez

221 4060 232 4097 ¹
254 4060 321 4119 Gir.
339 4061 496 4121 Benedict.
514 4062 589 4122 XIV
611 4061 657 4119 De
673 4061 802 4135 Synodo
820 4063 873 4121 lib.
893 4061 991 4119 XIII.
1010 4079 1083 4135 cup.
1107 4060 1157 4120 12.
1182 4062 1221 4136 §3
1237 4058 1382 4122 2-9-14.

220 4158 368 4220 ²Bened,
394 4158 451 4217 loc.
476 4161 530 4218 eit.
554 4159 574 4234 ἓ
597 4157 627 4219 9.

220 4258 232 4295 ⁸
254 4258 367 4317 Bened.
384 4258 459 4316 XIV
481 4267 605 4333 quaest.
623 4276 698 4317 can..
721 4258 789 4315 108
810 4259 841 4317 in
857 4276 950 4318 eausa
966 4258 1108 4317 Ianuensi
1125 4258 1384 4334 dispensationis

154 4356 203 4416 dia
222 4353 264 4415 20
285 4357 359 4416 maii
383 4354 708 4417 plantantium
730 4357 864 4416 Mariam
893 4356 1083 4417 PallavicIni
1108 4360 1141 4415 at
1168 4357 1309 4415 loannem
1338 4357 1387 4415 Ia-
1478 4403 1484 4413 .

155 4454 261 4513 eobum
285 4454 454 4530 Imperiali.
1067 4438 1070 4445 ’

223 4552 235 4589 ⁴
255 4551 391 4628 Ursaya,
414 4555 468 4611 rit.
493 4552 625 4628 discept.
649 4553 701 4613 12.

224 4649 322 4709 ⁶0t'r.
347 4652 503 4710 Sanchez:
527 4650 567 4709 de
588 4655 734 4710 macron.
761 4653 813 4711 ut.
844 4652 939 4713 VIII.
963 4653 1047 4727 dlsp.
1080 4651 1129 4709 17.
1155 4671 1190 4710 u.
1210 4652 1241 4709 3.
