3509 5317
2958 11 2972 18 -
3027 26 3038 37 =
3049 5 3091 26 &5
3103 5 3217 35 3423]

3080 28 3093 51 v
3171 8 3474 143 „Q

1769 543 2127 603 ...446-

721 678 1165 766 eoniogibne
1213 698 1630 770 eoromqne
1677 678 2224 766 defensoribus
2273 688 2495 753 erunt
2556 684 3193 755 communicanda

724 790 889 854 ante
941 806 1349 874 pronae-ene
1397 786 1995 874 publicationem,
2044 807 2197 857 uno
2244 793 2561 877 excepto
2596 789 3051 860 matrimonii
3074 792 3196 861 de-

724 890 1037 974 feneore,
1089 898 1205 962 eoi
1257 894 1573 966 liberum
1619 895 1756 966 erit
1800 913 2105 983 semper
2176 902 2250 965 et
2317 894 2958 984 quandocumque
3027 902 3191 967 acta

723 1002 1087 1090 inepieere
1137 1010 1209 1070 et
1253 1005 1709 1074 examinare.

857 1114 901 1194 ἓ
945 1114 1049 1178 22.
1105 1114 1489 1190 Quatenne
1541 1129 1718 1180 vero
1766 1116 2107 1180 actorum
2156 1108 2614 1178 moderatori
2662 1114 2793 1178 aut
2814 1107 3189 1180 defensori

722 1218 1169 1286 matrimonii
1229 1214 1425 1286 nulla
1493 1218 1633 1287 alia
1681 1216 2020 1304 probatio
2075 1215 2527 1304 requirenda
2578 1215 2952 1301 videatur,
3016 1214 3191 1287 flnis

720 1326 1149 1410 imponatur
1173 1326 1695 1410 probationum
1732 1324 2158 1409 collectioni,
2193 1329 2264 1392 et
2296 1342 2701 1410 processus
2746 1323 3187 1413 publicetur,

720 1430 913 1498 edito
965 1434 1105 1498 nae
1153 1450 1381 1518 anper
1433 1450 1509 1498 re
1557 1434 1856 1501 decreto
1904 1431 1999 1499 ab
2057 1430 2223 1518 ipso
2281 1431 2790 1516 moderatore,
2843 1450 2884 1500 a
2945 1430 3191 1502 defen-

720 1554 893 1606 eore
941 1538 1409 1622 matrimonii,
1457 1546 1529 1606 et
1573 1558 1615 1607 a
1663 1536 2105 1607 cancellario
2156 1535 2722 1606 subscribendo.

853 1646 897 1726 ἓ
941 1650 1049 1714 23.
1104 1646 1473 1714 Publicae]
1525 1663 1907 1734 processu,
1959 1644 2172 1713 locus
2218 1643 2345 1713 flet
2391 1642 2954 1714 defensionibus
2995 1665 3188 1734 quas

724 1762 969 1838 partae
1017 1754 1113 1822 ad
1165 1774 1297 1822 ena
1357 1754 1517 1822 iura
1565 1752 1837 1822 tuenda
1888 1751 2255 1821 voluerint
2300 1750 2647 1840 allegare,
2696 1747 2887 1820 facta
2920 1752 3184 1820 iisdem

720 1858 1057 1930 faenltate
1129 1862 1529 1930 adhibendi
1581 1878 1712 1930 eos
1780 1858 2218 1930 defensores
2264 1877 2460 1946 quos
2531 1859 2961 1946 maluerint3
3037 1861 3184 1929 imo

720 1970 1325 2054 praemonendae
1397 1974 1611 2038 erunt
1656 1969 1751 2038 de
1825 1969 1967 2037 hoc
2038 1968 2221 2053 iure,
2273 1972 2357 2036 ut
2424 1967 2569 2037 lata
2637 1969 3041 2054 sententia,
3092 1969 3186 2036 in·

720 2074 957 2142 inetae
989 2086 1241 2146 eontra
1281 2098 1445 2146 eam
1485 2075 1918 2146 incusationi
1967 2080 2097 2144 aut
2128 2074 2630 2144 reclamationi
2680 2073 2930 2144 aditus
2982 2094 3184 2160 prae-

720 2182 1081 2250 eludatur„
1157 2182 1652 2270 Allegationes
1697 2187 1952 2252 autem
2001 2181 2063 2250 si
2113 2182 2211 2250 ab
2255 2180 2518 2250 iisdem
2570 2179 2861 2249 oblatae
2916 2178 3181 2250 fuerint

716 2290 1389 2358 communicandae
1437 2294 1653 2358 erunt
1697 2285 2071 2358 defensori
2120 2288 2391 2357 vinculi
2449 2285 3056 2372 matrimonialis,
3105 2298 3182 2354 ut

716 2410 849 2462 eae
897 2398 1357 2482 expendere,
1409 2406 1481 2462 et
1525 2400 1901 2482 quatenus
1948 2394 2397 2464 matrimonii
2447 2393 2898 2464 validitatem
2949 2395 3184 2481 impu·

716 2514 945 2590 gnent
993 2502 1309 2574 refutare
1361 2506 1620 2574 valeat.

849 2610 893 2694 ξ
937 2614 1045 2678 24.
1097 2614 1459 2682 [Jtnnibne
1513 2618 1589 2682 nt
1635 2632 1868 2700 supra
1903 2613 2227 2700 peractis
2259 2613 2352 2682 ad
2388 2613 2831 2682 sententiam
2862 2632 3182 2700 pronun·

712 2718 1054 2786 oiandam
1113 2722 1557 2790 veniendum
1612 2722 1767 2790 erit.
1820 2720 2034 2802 Quod
2090 2726 2167 2790 ut
2213 2721 2310 2790 ab
2358 2719 2747 2789 Ordinario
2819 2739 2957 2790 seu
3022 2722 3179 2791 eius

716 2822 1053 2914 delegato
1105 2830 1233 2898 rite
1285 2826 1429 2910 flat,
1481 2830 1553 2894 in
1605 2829 1940 2913 primisa
1969 2827 2363 2898 defensore
2397 2828 2844 2896 matrimonii
2892 2828 3179 2916 exquiri

676 2938 933 3038 *dehet
977 2934 1393 3018 dealem-utto,
1445 2938 1581 3006 eibi
1629 2934 1809 3004 nihil
1855 2936 2183 3023 amplius
2231 2934 2758 3005 deducendum
2795 2942 2925 3005 aut
2953 2937 3178 3024 inqui·

716 3046 893 3110 renti
909 3062 1033 3114 nm
1085 3062 1517 3130 enpereeee;
1565 3045 1833 3114 deinde
1867 3044 2151 3132 integra
2183 3061 2414 3113 causa
2448 3044 2751 3113 duobus
2783 3049 2916 3113 aut
2948 3043 3178 3113 tribus

716 3150 889 3218 vii-ie
941 3154 1205 3238 peritia,
1257 3154 1317 3218 ei
1373 3154 1621 3222 haberi
1674 3153 1978 3239 possint,
2031 3151 2535 3221 examinanda
2584 3150 3063 3238 subiiciatur,
3111 3157 3180 3221 et

716 3258 1005 3326 nonniei
1057 3258 1309 3326 andito
1361 3278 1622 3327 eornm
1674 3263 1864 3363 voto·
1895 3258 2255 3329 sententia
2306 3257 2745 3345 proferatur.

853 3366 1053 3434 Haeo
1101 3366 1169 3430 in
1221 3366 1513 3450 eoriptie
1565 3366 1698 3434 erit
1742 3364 2148 3449 exaranda,
2199 3364 2269 3433 in
2320 3383 2560 3452 eaque
2609 3365 2980 3433 rationum
3034 3382 3179 3432 mo·

715 3478 985 3558 menta,
1037 3474 1309 3562 quibua
1359 3474 1699 3558 innititur,
1751 3492 1849 3541 ex
1897 3490 2261 3559 processu
2310 3471 2751 3558 deprompta
2800 3489 3178 3560 exponan-

712 3586 849 3666 tnr,
901 3582 1273 3650 enooinete
1321 3582 1645 3667 quidem,
1694 3581 1832 3650 sed
1881 3581 1972 3649 ita
2022 3586 2293 3661 tamen,
2343 3597 2438 3647 ne
2492 3578 2879 3666 quidpiam
2930 3597 3174 3649 essen·

718 3690 881 3754 tiele
933 3690 1325 3758 omittatur.
1377 3688 1746 3758 Sententia
1798 3686 2342 3773 subscriptione
2389 3685 2651 3755 iudicis
2683 3692 2755 3755 et
2777 3685 3174 3771 secretarii,
3218 3779 3225 3785 .

716 3818 849 3866 neo
897 3814 1045 3862 non
1097 3798 1333 3882 eigino
1385 3798 1632 3865 euriae
1679 3793 2123 3883 episcopalis
2174 3793 2453 3863 munita
2504 3792 2843 3880 partibus
2875 3793 3013 3862 erit
3056 3811 3176 3860 no-

712 3902 1061 3970 tifleanda
1109 3922 1241 3990 per
1277 3906 1525 3970 oni-iae
1557 3903 2080 3990 apparitorem,
2119 3901 2369 3970 relicto
2402 3898 2664 3969 iisdem
2697 3899 2893 3968 illius
2926 3919 3197 3969 exem·-

711 4010 913 4098 plari,
965 4014 1057 4078 de
1105 4030 1257 4098 qno
1309 4014 1375 4078 in
1429 4010 1701 4094 eoripto
1748 4007 1941 4078 fides
1988 4008 2124 4077 erit
2172 4004 2529 4077 facienda.

845 4122 885 4198 ἓ
933 4122 1037 4186 25.
1093 4118 1325 4186 Index
1377 4118 1437 4186 ei
1485 4136 1622 4202 pro
1671 4116 2038 4186 validitate
2089 4114 2539 4184 matrimonii
2585 4115 3037 4185 sententiam
3081 4114 3177 4183 di-

712 4226 921 4308 aei-it,
969 4233 1041 4294 et
1085 4242 1309 4294 nemo
1361 4246 1457 4294 ex
1505 4223 1950 4308 eoniugibus
1995 4227 2254 4291 contra
2303 4240 2474 4290 eam
2522 4220 3031 4308 appellaverit,
3058 4240 3172 4292 ne-

708 4350 857 4418 que
909 4330 1253 4402 defeneor
1305 4331 1750 4402 matrimonii
1800 4329 2215 4418 appellabit,
2266 4335 2337 4398 et
2391 4347 2661 4399 caussa
2735 4328 2937 4398 finita
3014 4348 3174 4398 cen·

708 4446 981 4506 eeatnr.
1033 4442 1089 4506 E
1137 4446 1385 4506 eontra
1441 4438 1497 4506 ei
1553 4438 2105 4508 matrimonium
2142 4436 2433 4505 nullum
2469 4433 2701 4506 fuisse
2742 4435 3167 4519 decreverit,

704 4550 1053 4634 qnamvie
1101 4546 1457 4634 ooningee
1509 4545 1774 4614 indicio
1825 4545 2135 4615 Praelati
2198 4543 2743 4631 acquieverint,
2815 4540 3164 4613 defensor

712 4654 1153 4722 matrimonii
1205 4654 1776 4738 appellationem
1825 4650 2071 4723 facere
2117 4651 2429 4738 debebit,
2482 4657 2553 4722 et
2575 4668 2855 4721 novam
2882 4654 3163 4719 senten·
