3509 5317
729 508 886 567 ..41-

191 665 327 717 vacare
362 641 605 715 iudicandum
639 662 705 729 est,
730 644 778 713 ad
808 643 910 731 quod
942 645 1146 714 necessitas
1177 645 1331 732 impulit,
1360 646 1419 717 vel

190 755 292 842 quod
318 747 418 823 bona
442 751 538 822 fides
574 750 771 839 suggessit.
812 752 882 831 Qui
911 755 1083 821 autema
1114 751 1235 839 culpa,
1260 752 1371 822 etiam
1397 771 1422 822 a

190 878 313 948 poena
338 864 560 931 excusatur:
585 876 706 945 poena
723 865 848 927 autem
865 864 967 927 esset
983 857 1177 943 prohibitio
1194 859 1342 945 petendi
1358 861 1419 930 de·

189 968 320 1038 bitum.
343 1005 367 1016 -
390 968 511 1035 Immo
535 963 766 1055 probabilius
791 964 1315 1053 necvidenturcognationem
1333 985 1419 1035 con·

188 1076 347 1160 trahere,
373 1074 516 1144 etiamsi
539 1092 594 1142 ear
617 1070 819 1157 industriu,
847 1071 994 1142 seclusa
1019 1073 1248 1158 necessitate,
1274 1073 1417 1160 prolem

188 1188 366 1268 parentes
389 1180 630 1268 baptizarent.
654 1180 749 1249 Cum
773 1185 899 1248 autem
925 1180 960 1246 in
986 1198 1026 1248 rc
1056 1179 1190 1249 saltem
1222 1180 1334 1250 dubia
1359 1199 1419 1250 ne

187 1293 301 1376 queat
324 1288 384 1358 ius
406 1295 549 1357 certum
574 1286 722 1373 coniugi
747 1284 895 1372 auferri,
920 1287 1137 1374 negandum
1162 1293 1227 1374 est,
1253 1305 1320 1374 per
1344 1287 1416 1357 hoc

187 1395 306 1464 ullum
332 1395 417 1464 usui
441 1394 602 1482 coniugii
619 1393 935 1480 impedimentum
960 1394 1097 1480 apponi
1124 1392 1147 1460 ¹.

252 1505 309 1572 20.
335 1502 522 1590 Religiose
545 1501 657 1570 etiam
669 1505 768 1570 tenet
784 1508 820 1570 et
836 1501 908 1570 hoc
925 1501 1233 1588 impedimentum
1252 1499 1415 1570 Ecclesia

181 1628 336 1700 praeca.
361 1607 569 1679 Differentia
594 1619 719 1677 tamen
745 1607 870 1696 aliqua
893 1609 987 1678 inter
1011 1609 1205 1696 utriusque
1228 1607 1416 1677 Ecclesiae

185 1716 376 1786 orientalis
407 1722 443 1785 et
466 1714 704 1785 occidentalis
727 1714 959 1802 disciplinam
985 1715 1021 1783 in
1046 1732 1091 1784 eo
1115 1721 1172 1785 est
1197 1717 1332 1803 «quod
1357 1734 1414 1785 se·

184 1826 354 1895 cundum
380 1823 531 1894 Latinos
556 1822 784 1910 permissum
808 1824 854 1892 sit
884 1821 960 1891 iilic
992 1823 1123 1909 patrini
1153 1824 1291 1893 ducere
1315 1840 1416 1892 soro·

182 1950 264 2001 rem
288 1930 353 2004 dlii
375 1930 576 2018 spiritualis
599 1930 714 2016 patris
737 1930 813 1999 sui:
837 1931 938 2018 quod
965 1949 1032 2018 per
1055 1930 1289 2019 disciplinam
1312 1948 1414 2018 grae·

181 2058 267 2110 cam
292 2039 518 2126 prohibitum
548 2042 614 2124 est,
649 2038 684 2105 in
716 2043 898 2125 quantum
931 2038 1025 2108 inter
1056 2036 1153 2107 iiiios
1181 2039 1411 2124 patrinorum

181 2152 295 2236 atque
311 2143 429 2214 fliium
446 2144 675 2232 spiritualem
694 2144 850 2232 eiusque
866 2143 1000 2216 fratres
1017 2151 1052 2215 et
1068 2164 1220 2215 sorores
1228 2143 1413 2233 fraterno

180 2253 377 2324 correlatio
400 2252 597 2323 consistit»
625 2249 760 2322 ²more
786 2251 988 2340 spiritualis
1013 2253 1245 2341 cognationis
1267 2251 1412 2339 fruter-

179 2359 326 2447 nitutis,
353 2362 420 2431 sed
445 2360 561 2448 magis
578 2367 768 2447 extensae,
785 2379 887 2447 quae
903 2361 983 2434 iure
999 2361 1152 2448 antiquo
1168 2360 1409 2430 decretalium

180 2475 266 2540 ante
298 2468 556 2538 Tridentinum
588 2468 736 2556 vigebat
759 2465 783 2535 ⁸.
808 2504 826 2515 -
850 2468 967 2538 Aliter
995 2473 1119 2537 tamen
1151 2468 1261 2538 sentit
1284 2468 1411 2537 Maro·

87 2575 94 2588 '
178 2575 349 2648 citarum
371 2571 549 2660 Ecclesia,
576 2593 674 2661 quae
699 2573 796 2646 utin
821 2575 964 2660 ceteris,
990 2574 1025 2642 in
1050 2574 1093 2642 iis
1110 2573 1342 2662 praesertim,
1370 2583 1408 2644 ut

178 2703 247 2771 par
270 2688 359 2769 erat,
384 2701 483 2771 quae
507 2682 554 2751 ad
580 2700 706 2751 mores
730 2688 764 2751 et
789 2680 901 2749 tidem
927 2683 1121 2769 pertinent,
1146 2682 1191 2752 ita
1217 2682 1311 2752 etin
1345 2701 1405 2751 co·

177 2791 354 2879 gnatione
376 2789 553 2878 spirituali
578 2787 780 2858 Tridentini
804 2789 952 2859 Concilii
976 2795 1110 2859 statuta
1132 2791 1167 2857 in
1181 2790 1333 2878 Synodo
1352 2790 1407 2858 Li·

177 2897 336 2967 bunensi
359 2896 564 2983 excepisse,
578 2895 718 2965 etinter
730 2912 823 2964 suos
836 2893 980 2964 dudum
995 2895 1198 2982 invaluisse
1211 2896 1269 2965 his
1283 2896 1407 2965 verbis

176 3004 286 3074 edicit
308 3009 421 3092 alque
456 3008 630 3072 testatur:
667 3002 880 3089 «cognatio
911 3002 1112 3089 spiritualis
1136 3022 1188 3073 ex
1219 3002 1404 3090 baptismo

177 3112 443 3182 «contrahitur
467 3112 560 3179 inter
585 3115 768 3179 tenentem
794 3128 838 3178 ac
855 3109 1083 3196 baptizatum
1101 3111 1224 3197 ipsum
1249 3119 1286 3181 et
1310 3111 1406 3179 iilius

176 3224 356 3306 «patrem
382 3224 418 3288 et
441 3225 610 3303 matrem,
636 3233 803 3284 necnon
828 3216 922 3286 inter
956 3217 1203 3304 baptizantem
1234 3222 1270 3287 et
1293 3217 1405 3304 bapti·

176 3332 339 3396 ‹zatum
363 3325 610 3413 baptizatione
633 3329 779 3410 patrem
804 3343 847 3394 ac
874 3330 1031 3393 matrem
1050 3331 1204 3393 tantum.
1229 3325 1400 3394 Similiter

176 3450 262 3501 «ex
289 3430 587 3501 confirmationis
611 3443 850 3500 sacramento
874 3431 1104 3518 contrahitur
1136 3433 1308 3520 cognatio
1331 3433 1403 3520 spi-

175 3539 352 3610 «rituaiis
376 3540 468 3608 inter
490 3535 777 3607 confirmantem
801 3544 837 3607 et
859 3535 1127 3607 confirmatum
1151 3538 1323 3627 illiusque
1340 3559 1401 3627 pa-

239 3841 442 3904 ¹Leurcnius
465 3845 485 3903 l.
510 3864 536 3904 c.
562 3855 686 3922 quaest.
712 3845 793 3908 211.
821 3879 859 3893 -
885 3833 1083 3927 Schmalagr.
1111 3849 1164 3907 lib.
1191 3847 1222 3909 4.
1263 3854 1311 3909 tit.
1347 3851 1397 3911 11.

168 3957 232 3998 nn.
258 3937 380 3998 46-49.
632 3943 637 3948 “

238 4035 521 4116 ⁹Papp-Szilagyi
545 4041 602 4100 loc.
626 4044 680 4101 cil.
704 4043 813 4116 5111.

237 4133 250 4171 ⁸
272 4135 479 4196 Decretalium
504 4138 569 4197 iure
590 4140 686 4199 tertia
709 4141 824 4217 species
845 4144 1039 4218 cognationis
1060 4145 1234 4220 spiritualis
1248 4151 1318 4206 erat
1331 4148 1402 4221 fra·

166 4235 321 4302 cernitar,
341 4251 401 4310 qua
429 4237 659 4297 matrimonium
681 4240 806 4298 irritum
835 4246 905 4300 erat
926 4241 1009 4301 inter
1031 4243 1112 4302 filios
1137 4245 1279 4305 carnales
1300 4247 1400 4325 bapti·

165 4330 281 4400 cantis,
298 4331 511 4394 confirmantis
532 4340 565 4394 et
579 4336 771 4410 patrinorum
786 4354 825 4397 ex
841 4354 902 4396 uua
917 4345 1016 4415 parte,
1040 4347 1072 4398 et
1087 4340 1185 4417 ipsum
1208 4342 1397 4420 baptizatum

164 4427 219 4486 vel
241 4427 457 4489 confirmatum
479 4449 517 4490 ex
538 4432 641 4492 altera
662 4439 751 4510 parte
772 4431 925 4512 (Sanchez
950 4436 1002 4494 lib.
1025 4436 1053 4495 7.
1074 4438 1158 4514 disp.
1177 4439 1232 4497 54.
1258 4459 1291 4499 a.
1313 4439 1342 4499 9.
1360 4472 1397 4487 -

164 4524 303 4603 Pirhing
326 4528 381 4586 lib.
406 4526 437 4586 4.
461 4531 508 4587 tit.
538 4530 589 4590 11.
614 4548 649 4590 n.
675 4531 719 4611 3).
818 4527 822 4534 ’
