<?xml version="1.0" encoding="UTF-8"?>
<!DOCTYPE html PUBLIC "-//W3C//DTD XHTML 1.0 Transitional//EN"
    "http://www.w3.org/TR/xhtml1/DTD/xhtml1-transitional.dtd">
<html xmlns="http://www.w3.org/1999/xhtml" xml:lang="en" lang="en">
 <head>
  <title>
</title>
<meta http-equiv="Content-Type" content="text/html;charset=utf-8" />
  <meta name='ocr-system' content='tesseract 3.04.00' />
  <meta name='ocr-capabilities' content='ocr_page ocr_carea ocr_par ocr_line ocrx_word'/>
</head>
<body>
  <div class='ocr_page' id='page_1' title='image "./decausismatrimo00mansgoog_0141.png"; bbox 0 0 3509 5317; ppageno 0'>
   <div class='ocr_carea' id='block_1_1' title="bbox 725 497 904 555">
    <p class='ocr_par' dir='ltr' id='par_1_1' title="bbox 725 497 904 555">
     <span class='ocr_line' id='line_1_1' title="bbox 725 497 904 555; baseline -0.017 -12"><span class='ocrx_word' id='word_1_1' title='bbox 725 497 904 555; x_wconf 76' lang='grc'><strong>..127-</strong></span> 
     </span>
    </p>
   </div>
   <div class='ocr_carea' id='block_1_2' title="bbox 201 633 1535 3268">
    <p class='ocr_par' dir='ltr' id='par_1_2' title="bbox 201 633 1535 1684">
     <span class='ocr_line' id='line_1_2' title="bbox 201 633 1437 722; baseline -0.002 -18"><span class='ocrx_word' id='word_1_2' title='bbox 201 635 406 705; x_wconf 83' lang='lat' dir='ltr'><em>bunalibus</em></span> <span class='ocrx_word' id='word_1_3' title='bbox 428 635 636 703; x_wconf 80' lang='lat' dir='ltr'><em>austriacae</em></span> <span class='ocrx_word' id='word_1_4' title='bbox 665 633 812 703; x_wconf 89' lang='lat' dir='ltr'><em>ditionis</em></span> <span class='ocrx_word' id='word_1_5' title='bbox 835 634 1071 721; x_wconf 77' lang='lat' dir='ltr'>paragrapho</span> <span class='ocrx_word' id='word_1_6' title='bbox 1087 636 1150 703; x_wconf 81' lang='lat'><em>23:</em></span> <span class='ocrx_word' id='word_1_7' title='bbox 1176 635 1338 714; x_wconf 73' lang='lat' dir='ltr'><em>«Quum</em></span> <span class='ocrx_word' id='word_1_8' title='bbox 1366 651 1437 722; x_wconf 83' lang='lat' dir='ltr'><em>per</em></span> 
     </span>
     <span class='ocr_line' id='line_1_3' title="bbox 201 738 1437 830; baseline -0.003 -19"><span class='ocrx_word' id='word_1_9' title='bbox 201 745 487 812; x_wconf 83' lang='lat' dir='ltr'><em>sacramentum</em></span> <span class='ocrx_word' id='word_1_10' title='bbox 522 738 700 829; x_wconf 78' lang='lat' dir='ltr'><em>baptismi</em></span> <span class='ocrx_word' id='word_1_11' title='bbox 734 760 807 809; x_wconf 89' lang='lat' dir='ltr'><em>non</em></span> <span class='ocrx_word' id='word_1_12' title='bbox 831 740 1030 810; x_wconf 75' lang='lat' dir='ltr'><em>solvantur</em></span> <span class='ocrx_word' id='word_1_13' title='bbox 1064 739 1248 830; x_wconf 79' lang='lat' dir='ltr'><em>coniapiu,</em></span> <span class='ocrx_word' id='word_1_14' title='bbox 1276 739 1342 810; x_wconf 81' lang='lat' dir='ltr'><em>sed</em></span> <span class='ocrx_word' id='word_1_15' title='bbox 1367 739 1437 809; x_wconf 84' lang='lat' dir='ltr'><em>cri·</em></span> 
     </span>
     <span class='ocr_line' id='line_1_4' title="bbox 202 846 1438 935; baseline -0.002 -18"><span class='ocrx_word' id='word_1_16' title='bbox 202 847 305 918; x_wconf 78' lang='lat' dir='ltr'><em>nima</em></span> <span class='ocrx_word' id='word_1_17' title='bbox 339 846 582 918; x_wconf 75' lang='lat' dir='ltr'><em>dimittantur</em></span> <span class='ocrx_word' id='word_1_18' title='bbox 600 846 621 935; x_wconf 46' lang='grc' dir='ltr'><em>ι,</em></span> <span class='ocrx_word' id='word_1_19' title='bbox 647 849 928 918; x_wconf 75' lang='lat' dir='ltr'><em>matrimonium</em></span> <span class='ocrx_word' id='word_1_20' title='bbox 965 849 1014 918; x_wconf 92' lang='lat' dir='ltr'><em>ab</em></span> <span class='ocrx_word' id='word_1_21' title='bbox 1048 847 1261 918; x_wconf 81' lang='lat' dir='ltr'><em>infidelibus</em></span> <span class='ocrx_word' id='word_1_22' title='bbox 1295 852 1438 935; x_wconf 89' lang='lat' dir='ltr'><em>eontra·</em></span> 
     </span>
     <span class='ocr_line' id='line_1_5' title="bbox 201 953 1436 1043; baseline -0.003 -18"><span class='ocrx_word' id='word_1_23' title='bbox 201 962 305 1026; x_wconf 87' lang='lat' dir='ltr'><em>ctum</em></span> <span class='ocrx_word' id='word_1_24' title='bbox 329 955 552 1043; x_wconf 82' lang='lat' dir='ltr'><em>coniugibus</em></span> <span class='ocrx_word' id='word_1_25' title='bbox 567 955 613 1024; x_wconf 89' lang='lat' dir='ltr'><em>ad</em></span> <span class='ocrx_word' id='word_1_26' title='bbox 632 955 817 1024; x_wconf 83' lang='lat' dir='ltr'><em>Christum</em></span> <span class='ocrx_word' id='word_1_27' title='bbox 835 956 1030 1026; x_wconf 86' lang='lat' dir='ltr'><em>conversis</em></span> <span class='ocrx_word' id='word_1_28' title='bbox 1047 953 1199 1024; x_wconf 79' lang='lat' dir='ltr'><em>firmum</em></span> <span class='ocrx_word' id='word_1_29' title='bbox 1218 962 1346 1025; x_wconf 89' lang='lat' dir='ltr'><em>manet</em></span> <span class='ocrx_word' id='word_1_30' title='bbox 1361 973 1436 1022; x_wconf 92' lang='lat' dir='ltr'><em>non</em></span> 
     </span>
     <span class='ocr_line' id='line_1_6' title="bbox 202 1060 1437 1151; baseline -0.003 -20"><span class='ocrx_word' id='word_1_31' title='bbox 202 1063 439 1132; x_wconf 79' lang='lat' dir='ltr'><em>obstantibus</em></span> <span class='ocrx_word' id='word_1_32' title='bbox 460 1062 734 1150; x_wconf 81' lang='lat' dir='ltr'><em>impedimentis</em></span> <span class='ocrx_word' id='word_1_33' title='bbox 757 1063 1007 1134; x_wconf 82' lang='lat' dir='ltr'><em>ecclesiastica</em></span> <span class='ocrx_word' id='word_1_34' title='bbox 1025 1062 1105 1151; x_wconf 82' lang='lat' dir='ltr'><em>iege</em></span> <span class='ocrx_word' id='word_1_35' title='bbox 1129 1062 1310 1131; x_wconf 85' lang='lat' dir='ltr'><em>institutis.</em></span> <span class='ocrx_word' id='word_1_36' title='bbox 1329 1060 1437 1142; x_wconf 87' lang='lat' dir='ltr'><em>Quod</em></span> 
     </span>
     <span class='ocr_line' id='line_1_7' title="bbox 203 1167 1436 1258; baseline -0.002 -19"><span class='ocrx_word' id='word_1_37' title='bbox 203 1171 234 1239; x_wconf 90' lang='lat' dir='ltr'><em>si</em></span> <span class='ocrx_word' id='word_1_38' title='bbox 257 1177 386 1241; x_wconf 84' lang='lat' dir='ltr'><em>autem</em></span> <span class='ocrx_word' id='word_1_39' title='bbox 411 1169 526 1239; x_wconf 86' lang='lat' dir='ltr'><em>altero</em></span> <span class='ocrx_word' id='word_1_40' title='bbox 550 1180 692 1239; x_wconf 87' lang='lat' dir='ltr'><em>tantum</em></span> <span class='ocrx_word' id='word_1_41' title='bbox 721 1171 880 1258; x_wconf 80' lang='lat' dir='ltr'><em>coniuge</em></span> <span class='ocrx_word' id='word_1_42' title='bbox 910 1189 1107 1256; x_wconf 85' lang='lat' dir='ltr'><em>converso,</em></span> <span class='ocrx_word' id='word_1_43' title='bbox 1132 1169 1225 1240; x_wconf 89' lang='lat' dir='ltr'><em>alter</em></span> <span class='ocrx_word' id='word_1_44' title='bbox 1248 1169 1284 1237; x_wconf 93' lang='lat' dir='ltr'><em>in</em></span> <span class='ocrx_word' id='word_1_45' title='bbox 1308 1167 1436 1237; x_wconf 85' lang='lat' dir='ltr'><em>infide·</em></span> 
     </span>
     <span class='ocr_line' id='line_1_8' title="bbox 203 1272 1437 1360; baseline -0.002 -20"><span class='ocrx_word' id='word_1_46' title='bbox 203 1273 299 1343; x_wconf 86' lang='lat' dir='ltr'><em>litate</em></span> <span class='ocrx_word' id='word_1_47' title='bbox 323 1273 538 1360; x_wconf 88' lang='lat' dir='ltr'><em>persistens,</em></span> <span class='ocrx_word' id='word_1_48' title='bbox 554 1272 643 1341; x_wconf 85' lang='lat' dir='ltr'><em>cuni</em></span> <span class='ocrx_word' id='word_1_49' title='bbox 666 1274 800 1343; x_wconf 89' lang='lat' dir='ltr'><em>eodem</em></span> <span class='ocrx_word' id='word_1_50' title='bbox 824 1273 1038 1343; x_wconf 80' lang='lat' dir='ltr'><em>cohabitare</em></span> <span class='ocrx_word' id='word_1_51' title='bbox 1069 1272 1158 1341; x_wconf 85' lang='lat' dir='ltr'><em>notit</em></span> <span class='ocrx_word' id='word_1_52' title='bbox 1181 1272 1326 1359; x_wconf 82' lang='lat' dir='ltr'><em>absque</em></span> <span class='ocrx_word' id='word_1_53' title='bbox 1349 1289 1437 1339; x_wconf 90' lang='lat' dir='ltr'><em>con-</em></span> 
     </span>
     <span class='ocr_line' id='line_1_9' title="bbox 202 1378 1434 1466; baseline -0.003 -16"><span class='ocrx_word' id='word_1_54' title='bbox 202 1380 353 1450; x_wconf 88' lang='lat' dir='ltr'><em>tumelia</em></span> <span class='ocrx_word' id='word_1_55' title='bbox 380 1380 573 1465; x_wconf 88' lang='lat' dir='ltr'><em>Creatoris,</em></span> <span class='ocrx_word' id='word_1_56' title='bbox 599 1380 719 1449; x_wconf 89' lang='lat' dir='ltr'><em>eidem</em></span> <span class='ocrx_word' id='word_1_57' title='bbox 756 1380 890 1466; x_wconf 87' lang='lat' dir='ltr'><em>petenti</em></span> <span class='ocrx_word' id='word_1_58' title='bbox 923 1380 1209 1450; x_wconf 88' lang='lat' dir='ltr'><em>concedendum</em></span> <span class='ocrx_word' id='word_1_59' title='bbox 1233 1383 1298 1459; x_wconf 87' lang='lat' dir='ltr'><em>est,</em></span> <span class='ocrx_word' id='word_1_60' title='bbox 1325 1382 1364 1446; x_wconf 90' lang='lat' dir='ltr'><em>ut</em></span> <span class='ocrx_word' id='word_1_61' title='bbox 1386 1378 1434 1447; x_wconf 91' lang='lat' dir='ltr'><em>ad</em></span> 
     </span>
     <span class='ocr_line' id='line_1_10' title="bbox 203 1470 1535 1575; baseline -0.003 -20"><span class='ocrx_word' id='word_1_62' title='bbox 203 1506 325 1557; x_wconf 91' lang='lat' dir='ltr'><em>novas</em></span> <span class='ocrx_word' id='word_1_63' title='bbox 354 1486 527 1556; x_wconf 81' lang='lat' dir='ltr'><em>convolet</em></span> <span class='ocrx_word' id='word_1_64' title='bbox 560 1487 727 1573; x_wconf 82' lang='lat' dir='ltr'><em>nuptias:</em></span> <span class='ocrx_word' id='word_1_65' title='bbox 751 1485 886 1575; x_wconf 83' lang='lat' dir='ltr'><em>quibas</em></span> <span class='ocrx_word' id='word_1_66' title='bbox 909 1484 980 1555; x_wconf 89' lang='lat' dir='ltr'><em>rite</em></span> <span class='ocrx_word' id='word_1_67' title='bbox 1014 1484 1222 1570; x_wconf 79' lang='lat' dir='ltr'><em>celebratis,</em></span> <span class='ocrx_word' id='word_1_68' title='bbox 1250 1484 1437 1554; x_wconf 81' lang='lat' dir='ltr'><em>ainardum</em></span> <span class='ocrx_word' id='word_1_69' title='bbox 1531 1470 1535 1481; x_wconf 80' lang='grc'><strong>’</strong></span> 
     </span>
     <span class='ocr_line' id='line_1_11' title="bbox 202 1590 1162 1684; baseline -0.004 -20"><span class='ocrx_word' id='word_1_70' title='bbox 202 1592 363 1681; x_wconf 78' lang='lat' dir='ltr'><em>eoninpii</em></span> <span class='ocrx_word' id='word_1_71' title='bbox 384 1590 423 1661; x_wconf 88' lang='lat' dir='ltr'><em>in</em></span> <span class='ocrx_word' id='word_1_72' title='bbox 447 1591 668 1684; x_wconf 73' lang='lat' dir='ltr'><em>infidelitate</em></span> <span class='ocrx_word' id='word_1_73' title='bbox 690 1593 875 1663; x_wconf 86' lang='lat' dir='ltr'><em>contracti</em></span> <span class='ocrx_word' id='word_1_74' title='bbox 897 1592 1121 1663; x_wconf 80' lang='lat' dir='ltr'><em>dirimitur»</em></span> <span class='ocrx_word' id='word_1_75' title='bbox 1139 1591 1162 1660; x_wconf 90' lang='lat'><em>².</em></span> 
     </span>
    </p>

    <p class='ocr_par' dir='ltr' id='par_1_3' title="bbox 202 1698 1509 3268">
     <span class='ocr_line' id='line_1_12' title="bbox 269 1698 1435 1791; baseline -0.003 -21"><span class='ocrx_word' id='word_1_76' title='bbox 269 1703 325 1770; x_wconf 85' lang='lat'><em>56.</em></span> <span class='ocrx_word' id='word_1_77' title='bbox 350 1701 488 1771; x_wconf 86' lang='lat' dir='ltr'><em>Similia</em></span> <span class='ocrx_word' id='word_1_78' title='bbox 514 1702 626 1771; x_wconf 88' lang='lat' dir='ltr'><em>habet</em></span> <span class='ocrx_word' id='word_1_79' title='bbox 648 1721 725 1789; x_wconf 87' lang='lat' dir='ltr'><em>quo</em></span> <span class='ocrx_word' id='word_1_80' title='bbox 748 1703 797 1771; x_wconf 86' lang='lat' dir='ltr'><em>ad</em></span> <span class='ocrx_word' id='word_1_81' title='bbox 821 1703 1002 1791; x_wconf 81' lang='lat' dir='ltr'><em>coniuges</em></span> <span class='ocrx_word' id='word_1_82' title='bbox 1038 1705 1181 1771; x_wconf 90' lang='lat' dir='ltr'><em>tantum</em></span> <span class='ocrx_word' id='word_1_83' title='bbox 1205 1698 1347 1785; x_wconf 85' lang='lat' dir='ltr'><em>fideles,</em></span> <span class='ocrx_word' id='word_1_84' title='bbox 1372 1700 1435 1786; x_wconf 86' lang='lat' dir='ltr'><em>qui</em></span> 
     </span>
     <span class='ocr_line' id='line_1_13' title="bbox 203 1807 1439 1897; baseline -0.002 -21"><span class='ocrx_word' id='word_1_85' title='bbox 203 1809 485 1879; x_wconf 86' lang='lat' dir='ltr'><em>matrimonium</em></span> <span class='ocrx_word' id='word_1_86' title='bbox 509 1809 744 1879; x_wconf 87' lang='lat' dir='ltr'><em>celebrarunt</em></span> <span class='ocrx_word' id='word_1_87' title='bbox 777 1810 1032 1893; x_wconf 84' lang='lat' dir='ltr'><em>christianum,</em></span> <span class='ocrx_word' id='word_1_88' title='bbox 1057 1808 1235 1897; x_wconf 85' lang='lat' dir='ltr'><em>Synodus</em></span> <span class='ocrx_word' id='word_1_89' title='bbox 1258 1807 1439 1877; x_wconf 88' lang='lat' dir='ltr'><em>Libanen-</em></span> 
     </span>
     <span class='ocr_line' id='line_1_14' title="bbox 202 1915 1438 2004; baseline -0.004 -17"><span class='ocrx_word' id='word_1_90' title='bbox 202 1919 256 1987; x_wconf 86' lang='lat' dir='ltr'><em>sis</em></span> <span class='ocrx_word' id='word_1_91' title='bbox 278 1917 550 1988; x_wconf 85' lang='lat' dir='ltr'><em>Maronitarum</em></span> <span class='ocrx_word' id='word_1_92' title='bbox 584 1918 1247 2004; x_wconf 79' lang='lat' dir='ltr'><em>anni1736.HaecanimSynodus</em></span> <span class='ocrx_word' id='word_1_93' title='bbox 1275 1915 1322 1984; x_wconf 90' lang='lat' dir='ltr'><em>ita</em></span> <span class='ocrx_word' id='word_1_94' title='bbox 1359 1915 1438 1983; x_wconf 82' lang='lat' dir='ltr'><em>bre</em></span> 
     </span>
     <span class='ocr_line' id='line_1_15' title="bbox 203 2019 1509 2112; baseline -0.002 -20"><span class='ocrx_word' id='word_1_95' title='bbox 203 2027 298 2094; x_wconf 89' lang='lat' dir='ltr'><em>viter</em></span> <span class='ocrx_word' id='word_1_96' title='bbox 313 2024 381 2093; x_wconf 86' lang='lat' dir='ltr'><em>sed</em></span> <span class='ocrx_word' id='word_1_97' title='bbox 397 2026 579 2094; x_wconf 82' lang='lat' dir='ltr'><em>concinne</em></span> <span class='ocrx_word' id='word_1_98' title='bbox 602 2026 754 2111; x_wconf 86' lang='lat' dir='ltr'><em>exponit</em></span> <span class='ocrx_word' id='word_1_99' title='bbox 770 2025 1079 2112; x_wconf 85' lang='lat' dir='ltr'><em>impedimentum</em></span> <span class='ocrx_word' id='word_1_100' title='bbox 1105 2023 1307 2111; x_wconf 82' lang='lat' dir='ltr'><em>ligaminis:</em></span> <span class='ocrx_word' id='word_1_101' title='bbox 1336 2019 1438 2090; x_wconf 78' lang='lat' dir='ltr'><em>«De</em></span> <span class='ocrx_word' id='word_1_102' title='bbox 1507 2077 1509 2080; x_wconf 92' lang='lat'>.</span> 
     </span>
     <span class='ocr_line' id='line_1_16' title="bbox 203 2129 1437 2221; baseline -0.003 -21"><span class='ocrx_word' id='word_1_103' title='bbox 203 2132 345 2200; x_wconf 82' lang='lat' dir='ltr'><em>cimam</em></span> <span class='ocrx_word' id='word_1_104' title='bbox 364 2129 682 2221; x_wconf 82' lang='lat' dir='ltr'><em>(impedimentum</em></span> <span class='ocrx_word' id='word_1_105' title='bbox 706 2130 886 2202; x_wconf 81' lang='lat' dir='ltr'><em>dirimens</em></span> <span class='ocrx_word' id='word_1_106' title='bbox 905 2132 974 2217; x_wconf 82' lang='lat' dir='ltr'><em>est)</em></span> <span class='ocrx_word' id='word_1_107' title='bbox 992 2130 1183 2200; x_wconf 88' lang='lat' dir='ltr'><em>vinculum</em></span> <span class='ocrx_word' id='word_1_108' title='bbox 1208 2130 1341 2217; x_wconf 86' lang='lat' dir='ltr'><em>prioris</em></span> <span class='ocrx_word' id='word_1_109' title='bbox 1357 2129 1437 2196; x_wconf 91' lang='lat' dir='ltr'><em>sive</em></span> 
     </span>
     <span class='ocr_line' id='line_1_17' title="bbox 203 2236 1439 2327; baseline -0.005 -21"><span class='ocrx_word' id='word_1_110' title='bbox 203 2239 455 2307; x_wconf 89' lang='lat' dir='ltr'><em>consummati</em></span> <span class='ocrx_word' id='word_1_111' title='bbox 481 2239 559 2308; x_wconf 89' lang='lat' dir='ltr'><em>sive</em></span> <span class='ocrx_word' id='word_1_112' title='bbox 584 2240 648 2308; x_wconf 90' lang='lat' dir='ltr'><em>rati</em></span> <span class='ocrx_word' id='word_1_113' title='bbox 676 2247 819 2309; x_wconf 89' lang='lat' dir='ltr'><em>tantum</em></span> <span class='ocrx_word' id='word_1_114' title='bbox 843 2239 1022 2327; x_wconf 87' lang='lat' dir='ltr'><em>coniugii:</em></span> <span class='ocrx_word' id='word_1_115' title='bbox 1047 2256 1135 2307; x_wconf 89' lang='lat' dir='ltr'><em>cum</em></span> <span class='ocrx_word' id='word_1_116' title='bbox 1160 2236 1283 2306; x_wconf 88' lang='lat' dir='ltr'><em>adhuc</em></span> <span class='ocrx_word' id='word_1_117' title='bbox 1310 2253 1439 2321; x_wconf 90' lang='lat' dir='ltr'><em>super·</em></span> 
     </span>
     <span class='ocr_line' id='line_1_18' title="bbox 204 2343 1437 2434; baseline -0.004 -20"><span class='ocrx_word' id='word_1_118' title='bbox 204 2346 286 2414; x_wconf 87' lang='lat' dir='ltr'><em>stite</em></span> <span class='ocrx_word' id='word_1_119' title='bbox 310 2346 480 2434; x_wconf 81' lang='lat' dir='ltr'><em>coniuge,</em></span> <span class='ocrx_word' id='word_1_120' title='bbox 497 2363 542 2414; x_wconf 92' lang='lat' dir='ltr'><em>eo</em></span> <span class='ocrx_word' id='word_1_121' title='bbox 568 2346 714 2415; x_wconf 85' lang='lat' dir='ltr'><em>vinculo</em></span> <span class='ocrx_word' id='word_1_122' title='bbox 738 2365 904 2434; x_wconf 87' lang='lat' dir='ltr'><em>sequens</em></span> <span class='ocrx_word' id='word_1_123' title='bbox 928 2346 1207 2415; x_wconf 90' lang='lat' dir='ltr'><em>matrimonium</em></span> <span class='ocrx_word' id='word_1_124' title='bbox 1233 2343 1437 2426; x_wconf 86' lang='lat' dir='ltr'><em>dirimatur,</em></span> 
     </span>
     <span class='ocr_line' id='line_1_19' title="bbox 204 2449 1438 2539; baseline -0.003 -19"><span class='ocrx_word' id='word_1_125' title='bbox 204 2469 292 2520; x_wconf 91' lang='lat' dir='ltr'><em>cum</em></span> <span class='ocrx_word' id='word_1_126' title='bbox 329 2451 436 2538; x_wconf 88' lang='lat' dir='ltr'><em>duas,</em></span> <span class='ocrx_word' id='word_1_127' title='bbox 460 2458 627 2538; x_wconf 86' lang='lat' dir='ltr'><em>tempore</em></span> <span class='ocrx_word' id='word_1_128' title='bbox 660 2472 745 2539; x_wconf 89' lang='lat' dir='ltr'><em>un0‚</em></span> <span class='ocrx_word' id='word_1_129' title='bbox 772 2454 912 2522; x_wconf 89' lang='lat' dir='ltr'><em>habere</em></span> <span class='ocrx_word' id='word_1_130' title='bbox 949 2471 1101 2533; x_wconf 86' lang='lat' dir='ltr'><em>uxores,</em></span> <span class='ocrx_word' id='word_1_131' title='bbox 1127 2470 1197 2520; x_wconf 89' lang='lat' dir='ltr'><em>nec</em></span> <span class='ocrx_word' id='word_1_132' title='bbox 1223 2451 1301 2535; x_wconf 90' lang='lat' dir='ltr'><em>ipsa</em></span> <span class='ocrx_word' id='word_1_133' title='bbox 1332 2449 1438 2536; x_wconf 81' lang='lat' dir='ltr'><em>origo</em></span> 
     </span>
     <span class='ocr_line' id='line_1_20' title="bbox 205 2556 1437 2643; baseline -0.002 -14"><span class='ocrx_word' id='word_1_134' title='bbox 205 2558 397 2629; x_wconf 87' lang='lat' dir='ltr'><em>humanae</em></span> <span class='ocrx_word' id='word_1_135' title='bbox 420 2558 638 2628; x_wconf 87' lang='lat' dir='ltr'><em>conditionis</em></span> <span class='ocrx_word' id='word_1_136' title='bbox 661 2559 838 2643; x_wconf 86' lang='lat' dir='ltr'><em>admittat,</em></span> <span class='ocrx_word' id='word_1_137' title='bbox 864 2578 934 2628; x_wconf 87' lang='lat' dir='ltr'><em>nec</em></span> <span class='ocrx_word' id='word_1_138' title='bbox 957 2560 1019 2628; x_wconf 84' lang='lat' dir='ltr'><em>lex</em></span> <span class='ocrx_word' id='word_1_139' title='bbox 1042 2559 1337 2629; x_wconf 87' lang='lat' dir='ltr'><em>Christianorum</em></span> <span class='ocrx_word' id='word_1_140' title='bbox 1363 2556 1437 2626; x_wconf 84' lang='lat' dir='ltr'><em>uita</em></span> 
     </span>
     <span class='ocr_line' id='line_1_21' title="bbox 205 2663 1439 2753; baseline 0.002 -23"><span class='ocrx_word' id='word_1_141' title='bbox 205 2665 401 2750; x_wconf 89' lang='lat' dir='ltr'><em>permittat.</em></span> <span class='ocrx_word' id='word_1_142' title='bbox 417 2702 440 2714; x_wconf 96' lang='lat'>-</span> <span class='ocrx_word' id='word_1_143' title='bbox 455 2665 622 2734; x_wconf 85' lang='lat' dir='ltr'><em>Alterum</em></span> <span class='ocrx_word' id='word_1_144' title='bbox 647 2667 770 2753; x_wconf 85' lang='lat' dir='ltr'><em>itaque</em></span> <span class='ocrx_word' id='word_1_145' title='bbox 793 2666 1073 2736; x_wconf 87' lang='lat' dir='ltr'><em>matrimonium</em></span> <span class='ocrx_word' id='word_1_146' title='bbox 1097 2666 1251 2734; x_wconf 91' lang='lat' dir='ltr'><em>omnino</em></span> <span class='ocrx_word' id='word_1_147' title='bbox 1268 2663 1439 2751; x_wconf 86' lang='lat' dir='ltr'><em>prohibet</em></span> 
     </span>
     <span class='ocr_line' id='line_1_22' title="bbox 204 2770 1440 2860; baseline 0 -21"><span class='ocrx_word' id='word_1_148' title='bbox 204 2771 392 2857; x_wconf 79' lang='lat' dir='ltr'><em>Ecclesia,</em></span> <span class='ocrx_word' id='word_1_149' title='bbox 417 2773 485 2842; x_wconf 89' lang='lat' dir='ltr'><em>nisi</em></span> <span class='ocrx_word' id='word_1_150' title='bbox 520 2792 638 2860; x_wconf 86' lang='lat' dir='ltr'><em>quum</em></span> <span class='ocrx_word' id='word_1_151' title='bbox 674 2775 781 2843; x_wconf 89' lang='lat' dir='ltr'><em>adest</em></span> <span class='ocrx_word' id='word_1_152' title='bbox 814 2774 995 2843; x_wconf 78' lang='lat' dir='ltr'><em>certitudo</em></span> <span class='ocrx_word' id='word_1_153' title='bbox 1031 2774 1162 2843; x_wconf 90' lang='lat' dir='ltr'><em>saitem</em></span> <span class='ocrx_word' id='word_1_154' title='bbox 1199 2771 1353 2840; x_wconf 84' lang='lat' dir='ltr'><em>moratis</em></span> <span class='ocrx_word' id='word_1_155' title='bbox 1387 2770 1440 2839; x_wconf 90' lang='lat' dir='ltr'><em>de</em></span> 
     </span>
     <span class='ocr_line' id='line_1_23' title="bbox 207 2877 1435 2967; baseline 0.002 -24"><span class='ocrx_word' id='word_1_156' title='bbox 207 2885 326 2946; x_wconf 87' lang='lat' dir='ltr'><em>morte</em></span> <span class='ocrx_word' id='word_1_157' title='bbox 361 2879 494 2965; x_wconf 90' lang='lat' dir='ltr'><em>prioris</em></span> <span class='ocrx_word' id='word_1_158' title='bbox 519 2880 708 2967; x_wconf 80' lang='lat' dir='ltr'><em>coniugis.</em></span> <span class='ocrx_word' id='word_1_159' title='bbox 746 2880 969 2949; x_wconf 89' lang='lat' dir='ltr'><em>Huiusmodi</em></span> <span class='ocrx_word' id='word_1_160' title='bbox 994 2886 1120 2948; x_wconf 90' lang='lat' dir='ltr'><em>autem</em></span> <span class='ocrx_word' id='word_1_161' title='bbox 1149 2877 1344 2949; x_wconf 48' lang='lat' dir='ltr'><em>certitudo*</em></span> <span class='ocrx_word' id='word_1_162' title='bbox 1360 2895 1435 2945; x_wconf 93' lang='lat' dir='ltr'><em>non</em></span> 
     </span>
     <span class='ocr_line' id='line_1_24' title="bbox 207 2985 1438 3073; baseline 0.003 -21"><span class='ocrx_word' id='word_1_163' title='bbox 207 2985 365 3055; x_wconf 85' lang='lat' dir='ltr'><em>habetur</em></span> <span class='ocrx_word' id='word_1_164' title='bbox 388 3006 437 3056; x_wconf 87' lang='lat' dir='ltr'><em>ex</em></span> <span class='ocrx_word' id='word_1_165' title='bbox 460 2988 629 3057; x_wconf 89' lang='lat' dir='ltr'><em>absentia</em></span> <span class='ocrx_word' id='word_1_166' title='bbox 655 2987 857 3058; x_wconf 90' lang='lat' dir='ltr'><em>multorum</em></span> <span class='ocrx_word' id='word_1_167' title='bbox 893 3006 1092 3073; x_wconf 87' lang='lat' dir='ltr'><em>annorum,</em></span> <span class='ocrx_word' id='word_1_168' title='bbox 1117 2989 1227 3057; x_wconf 85' lang='lat' dir='ltr'><em>etiam</em></span> <span class='ocrx_word' id='word_1_169' title='bbox 1246 2987 1353 3056; x_wconf 76' lang='lat' dir='ltr'><em>mitra</em></span> <span class='ocrx_word' id='word_1_170' title='bbox 1380 3005 1438 3056; x_wconf 91' lang='lat' dir='ltr'><em>se·</em></span> 
     </span>
     <span class='ocr_line' id='line_1_25' title="bbox 205 3092 1437 3181; baseline -0.001 -20"><span class='ocrx_word' id='word_1_171' title='bbox 205 3093 399 3178; x_wconf 87' lang='lat' dir='ltr'><em>ptennium</em></span> <span class='ocrx_word' id='word_1_172' title='bbox 436 3100 500 3165; x_wconf 91' lang='lat' dir='ltr'><em>aut</em></span> <span class='ocrx_word' id='word_1_173' title='bbox 534 3095 769 3181; x_wconf 86' lang='lat' dir='ltr'><em>decennium,</em></span> <span class='ocrx_word' id='word_1_174' title='bbox 795 3113 918 3181; x_wconf 85' lang='lat' dir='ltr'><em>neque</em></span> <span class='ocrx_word' id='word_1_175' title='bbox 952 3113 1005 3163; x_wconf 86' lang='lat' dir='ltr'><em>ex</em></span> <span class='ocrx_word' id='word_1_176' title='bbox 1039 3094 1120 3164; x_wconf 88' lang='lat' dir='ltr'><em>sola</em></span> <span class='ocrx_word' id='word_1_177' title='bbox 1153 3092 1265 3178; x_wconf 85' lang='lat' dir='ltr'><em>fama,</em></span> <span class='ocrx_word' id='word_1_178' title='bbox 1289 3093 1356 3161; x_wconf 89' lang='lat' dir='ltr'><em>sed</em></span> <span class='ocrx_word' id='word_1_179' title='bbox 1387 3112 1437 3163; x_wconf 88' lang='lat' dir='ltr'><em>ex</em></span> 
     </span>
     <span class='ocr_line' id='line_1_26' title="bbox 204 3198 565 3268; baseline 0.006 -3"><span class='ocrx_word' id='word_1_180' title='bbox 204 3198 317 3268; x_wconf 90' lang='lat' dir='ltr'><em>certis</em></span> <span class='ocrx_word' id='word_1_181' title='bbox 342 3200 522 3268; x_wconf 85' lang='lat' dir='ltr'><em>nunciis»</em></span> <span class='ocrx_word' id='word_1_182' title='bbox 541 3198 565 3267; x_wconf 84' lang='lat'><em>⁸.</em></span> 
     </span>
    </p>
   </div>
   <div class='ocr_carea' id='block_1_3' title="bbox 539 3395 1105 3618">
    <p class='ocr_par' dir='ltr' id='par_1_4' title="bbox 539 3395 1105 3618">
     <span class='ocr_line' id='line_1_27' title="bbox 642 3395 999 3466; baseline -0.003 -4"><span class='ocrx_word' id='word_1_183' title='bbox 642 3395 915 3466; x_wconf 83' lang='lat' dir='ltr'>ARTICULUS</span> <span class='ocrx_word' id='word_1_184' title='bbox 940 3396 999 3462; x_wconf 87' lang='lat' dir='ltr'><em>IV.</em></span> 
     </span>
     <span class='ocr_line' id='line_1_28' title="bbox 539 3532 1105 3618; baseline 0 -19"><span class='ocrx_word' id='word_1_185' title='bbox 539 3532 583 3602; x_wconf 81' lang='lat' dir='ltr'><em>be</em></span> <span class='ocrx_word' id='word_1_186' title='bbox 604 3533 861 3602; x_wconf 76' lang='lat' dir='ltr'><em>clandestinitatia</em></span> <span class='ocrx_word' id='word_1_187' title='bbox 885 3533 1105 3618; x_wconf 81' lang='lat' dir='ltr'><em>inpedimento.</em></span> 
     </span>
    </p>
   </div>
   <div class='ocr_carea' id='block_1_4' title="bbox 205 3685 1441 4096">
    <p class='ocr_par' dir='ltr' id='par_1_5' title="bbox 205 3685 1441 4096">
     <span class='ocr_line' id='line_1_29' title="bbox 276 3685 1435 3777; baseline -0.001 -22"><span class='ocrx_word' id='word_1_188' title='bbox 276 3691 307 3755; x_wconf 88' lang='lat'><em>1.</em></span> <span class='ocrx_word' id='word_1_189' title='bbox 329 3687 606 3759; x_wconf 89' lang='lat' dir='ltr'><em>Matrimonium</em></span> <span class='ocrx_word' id='word_1_190' title='bbox 623 3690 772 3777; x_wconf 86' lang='lat' dir='ltr'><em>proprie</em></span> <span class='ocrx_word' id='word_1_191' title='bbox 787 3687 1060 3759; x_wconf 81' lang='lat' dir='ltr'><em>clandestinum</em></span> <span class='ocrx_word' id='word_1_192' title='bbox 1076 3688 1208 3757; x_wconf 89' lang='lat' dir='ltr'><em>dicitur</em></span> <span class='ocrx_word' id='word_1_193' title='bbox 1225 3688 1313 3756; x_wconf 87' lang='lat' dir='ltr'><em>illud</em></span> <span class='ocrx_word' id='word_1_194' title='bbox 1333 3685 1435 3774; x_wconf 85' lang='lat' dir='ltr'><em>quod</em></span> 
     </span>
     <span class='ocr_line' id='line_1_30' title="bbox 205 3795 1441 3884; baseline -0.002 -20"><span class='ocrx_word' id='word_1_195' title='bbox 205 3797 351 3883; x_wconf 85' lang='lat' dir='ltr'><em>absque</em></span> <span class='ocrx_word' id='word_1_196' title='bbox 379 3796 531 3882; x_wconf 88' lang='lat' dir='ltr'><em>parochi</em></span> <span class='ocrx_word' id='word_1_197' title='bbox 555 3815 600 3864; x_wconf 86' lang='lat' dir='ltr'><em>ao</em></span> <span class='ocrx_word' id='word_1_198' title='bbox 623 3797 769 3865; x_wconf 87' lang='lat' dir='ltr'><em>testium</em></span> <span class='ocrx_word' id='word_1_199' title='bbox 796 3798 1004 3884; x_wconf 87' lang='lat' dir='ltr'><em>praesentia</em></span> <span class='ocrx_word' id='word_1_200' title='bbox 1035 3795 1280 3879; x_wconf 90' lang='lat' dir='ltr'><em>contrahitur;</em></span> <span class='ocrx_word' id='word_1_201' title='bbox 1307 3795 1441 3879; x_wconf 89' lang='lat' dir='ltr'><em>impro-</em></span> 
     </span>
     <span class='ocr_line' id='line_1_31' title="bbox 206 3901 1441 3997; baseline -0.003 -25"><span class='ocrx_word' id='word_1_202' title='bbox 206 3904 287 3991; x_wconf 89' lang='lat' dir='ltr'><em>prie</em></span> <span class='ocrx_word' id='word_1_203' title='bbox 310 3901 581 3972; x_wconf 77' lang='lat' dir='ltr'><em>clandestinum</em></span> <span class='ocrx_word' id='word_1_204' title='bbox 605 3910 852 3997; x_wconf 87' lang='lat' dir='ltr'><em>nuncupatur,</em></span> <span class='ocrx_word' id='word_1_205' title='bbox 870 3905 978 3995; x_wconf 48' lang='lat' dir='ltr'><em>⁴quod</em></span> <span class='ocrx_word' id='word_1_206' title='bbox 1003 3922 1078 3972; x_wconf 91' lang='lat' dir='ltr'><em>non</em></span> <span class='ocrx_word' id='word_1_207' title='bbox 1103 3901 1321 3990; x_wconf 87' lang='lat' dir='ltr'><em>praemissis</em></span> <span class='ocrx_word' id='word_1_208' title='bbox 1356 3918 1441 3969; x_wconf 91' lang='lat' dir='ltr'><em>con·</em></span> 
     </span>
     <span class='ocr_line' id='line_1_32' title="bbox 205 4007 1439 4096; baseline -0.006 -15"><span class='ocrx_word' id='word_1_209' title='bbox 205 4012 364 4081; x_wconf 87' lang='lat' dir='ltr'><em>trahitur</em></span> <span class='ocrx_word' id='word_1_210' title='bbox 394 4010 751 4080; x_wconf 73' lang='lat' dir='ltr'><em>denuntiationibus.</em></span> <span class='ocrx_word' id='word_1_211' title='bbox 777 4012 927 4080; x_wconf 82' lang='lat' dir='ltr'><em>Omissa</em></span> <span class='ocrx_word' id='word_1_212' title='bbox 951 4012 1020 4081; x_wconf 86' lang='lat' dir='ltr'><em>hac</em></span> <span class='ocrx_word' id='word_1_213' title='bbox 1044 4012 1169 4095; x_wconf 88' lang='lat' dir='ltr'><em>altera,</em></span> <span class='ocrx_word' id='word_1_214' title='bbox 1194 4028 1292 4096; x_wconf 79' lang='lat' dir='ltr'><em>quae</em></span> <span class='ocrx_word' id='word_1_215' title='bbox 1317 4007 1439 4077; x_wconf 92' lang='lat' dir='ltr'><em>matri·</em></span> 
     </span>
    </p>
   </div>
   <div class='ocr_carea' id='block_1_5' title="bbox 204 4205 1441 4675">
    <p class='ocr_par' dir='ltr' id='par_1_6' title="bbox 276 4205 1347 4281">
     <span class='ocr_line' id='line_1_33' title="bbox 276 4205 1347 4281; baseline -0.005 -15"><span class='ocrx_word' id='word_1_216' title='bbox 276 4207 285 4244; x_wconf 93' lang='lat'><strong>¹</strong></span> <span class='ocrx_word' id='word_1_217' title='bbox 308 4207 358 4266; x_wconf 82' lang='lat' dir='ltr'><em>Ita</em></span> <span class='ocrx_word' id='word_1_218' title='bbox 380 4206 536 4266; x_wconf 87' lang='lat' dir='ltr'><em>Innocent.</em></span> <span class='ocrx_word' id='word_1_219' title='bbox 562 4205 606 4266; x_wconf 86' lang='lat'><em>111</em></span> <span class='ocrx_word' id='word_1_220' title='bbox 630 4205 661 4264; x_wconf 90' lang='lat' dir='ltr'><em>in</em></span> <span class='ocrx_word' id='word_1_221' title='bbox 683 4206 738 4267; x_wconf 85' lang='lat' dir='ltr'><em>eit.</em></span> <span class='ocrx_word' id='word_1_222' title='bbox 763 4223 836 4281; x_wconf 84' lang='lat' dir='ltr'><em>cap.</em></span> <span class='ocrx_word' id='word_1_223' title='bbox 860 4208 1049 4281; x_wconf 76' lang='lat' dir='ltr'><em>pandemus</em></span> <span class='ocrx_word' id='word_1_224' title='bbox 1072 4208 1105 4272; x_wconf 79' lang='lat'><em>8,</em></span> <span class='ocrx_word' id='word_1_225' title='bbox 1127 4206 1166 4263; x_wconf 86' lang='lat' dir='ltr'><em>de</em></span> <span class='ocrx_word' id='word_1_226' title='bbox 1187 4205 1347 4263; x_wconf 80' lang='lat' dir='ltr'><em>diuortiis.</em></span> 
     </span>
    </p>

    <p class='ocr_par' dir='ltr' id='par_1_7' title="bbox 205 4300 1440 4479">
     <span class='ocr_line' id='line_1_34' title="bbox 275 4300 1440 4383; baseline -0.004 -19"><span class='ocrx_word' id='word_1_227' title='bbox 275 4305 289 4342; x_wconf 72' lang='lat'>²</span> <span class='ocrx_word' id='word_1_228' title='bbox 310 4305 398 4383; x_wconf 88' lang='lat' dir='ltr'><em>Apud</em></span> <span class='ocrx_word' id='word_1_229' title='bbox 414 4300 685 4382; x_wconf 74' lang='lat' dir='ltr'><em>Pupp-Stilagyi‚</em></span> <span class='ocrx_word' id='word_1_230' title='bbox 716 4305 941 4364; x_wconf 81' lang='lat' dir='ltr'><em>Enebiridion</em></span> <span class='ocrx_word' id='word_1_231' title='bbox 965 4306 1049 4363; x_wconf 79' lang='lat' dir='ltr'><em>iuris</em></span> <span class='ocrx_word' id='word_1_232' title='bbox 1075 4303 1245 4364; x_wconf 74' lang='lat' dir='ltr'><em>Ecclesiae</em></span> <span class='ocrx_word' id='word_1_233' title='bbox 1265 4301 1440 4361; x_wconf 81' lang='lat' dir='ltr'><em>orientalia</em></span> 
     </span>
     <span class='ocr_line' id='line_1_35' title="bbox 205 4400 1093 4479; baseline -0.006 -14"><span class='ocrx_word' id='word_1_234' title='bbox 205 4404 399 4471; x_wconf 79' lang='lat' dir='ltr'><em>catholicae,</em></span> <span class='ocrx_word' id='word_1_235' title='bbox 418 4410 506 4478; x_wconf 86' lang='lat' dir='ltr'><em>part.</em></span> <span class='ocrx_word' id='word_1_236' title='bbox 531 4401 563 4460; x_wconf 78' lang='lat'><em>2.</em></span> <span class='ocrx_word' id='word_1_237' title='bbox 588 4403 607 4478; x_wconf 58' lang='grc' dir='ltr'>ᾗ</span> <span class='ocrx_word' id='word_1_238' title='bbox 635 4402 709 4462; x_wconf 81' lang='grc'><strong><em>100.</em></strong></span> <span class='ocrx_word' id='word_1_239' title='bbox 731 4420 810 4479; x_wconf 73' lang='lat' dir='ltr'><em>pap.</em></span> <span class='ocrx_word' id='word_1_240' title='bbox 836 4400 916 4461; x_wconf 78' lang='lat'><em>429.</em></span> <span class='ocrx_word' id='word_1_241' title='bbox 940 4402 994 4461; x_wconf 85' lang='lat' dir='ltr'><em>eit.</em></span> <span class='ocrx_word' id='word_1_242' title='bbox 1018 4402 1093 4462; x_wconf 88' lang='lat' dir='ltr'><em>adit.</em></span> 
     </span>
    </p>

    <p class='ocr_par' dir='ltr' id='par_1_8' title="bbox 204 4498 1441 4675">
     <span class='ocr_line' id='line_1_36' title="bbox 273 4498 1441 4574; baseline -0.005 -14"><span class='ocrx_word' id='word_1_243' title='bbox 273 4501 462 4572; x_wconf 63' lang='lat' dir='ltr'><em>tspnodus</em></span> <span class='ocrx_word' id='word_1_244' title='bbox 479 4501 910 4574; x_wconf 73' lang='lat' dir='ltr'><em>Syrorum-Maronitarum</em></span> <span class='ocrx_word' id='word_1_245' title='bbox 937 4503 973 4558; x_wconf 83' lang='lat' dir='ltr'><em>ia</em></span> <span class='ocrx_word' id='word_1_246' title='bbox 1001 4500 1110 4558; x_wconf 85' lang='lat' dir='ltr'><em>Monte</em></span> <span class='ocrx_word' id='word_1_247' title='bbox 1126 4500 1252 4557; x_wconf 83' lang='lat' dir='ltr'><em>Libano</em></span> <span class='ocrx_word' id='word_1_248' title='bbox 1277 4498 1441 4557; x_wconf 82' lang='lat' dir='ltr'><em>celebrata</em></span> 
     </span>
     <span class='ocr_line' id='line_1_37' title="bbox 204 4596 967 4675; baseline -0.007 -14"><span class='ocrx_word' id='word_1_249' title='bbox 204 4619 263 4661; x_wconf 84' lang='lat' dir='ltr'><em>an.</em></span> <span class='ocrx_word' id='word_1_250' title='bbox 295 4598 398 4667; x_wconf 81' lang='lat'><strong><em>1736,</em></strong></span> <span class='ocrx_word' id='word_1_251' title='bbox 415 4606 505 4675; x_wconf 82' lang='lat' dir='ltr'><em>part.</em></span> <span class='ocrx_word' id='word_1_252' title='bbox 531 4596 563 4656; x_wconf 81' lang='lat'><em>2.</em></span> <span class='ocrx_word' id='word_1_253' title='bbox 588 4615 659 4673; x_wconf 86' lang='lat' dir='ltr'><em>cap.</em></span> <span class='ocrx_word' id='word_1_254' title='bbox 689 4599 742 4658; x_wconf 83' lang='lat'><em>11.</em></span> <span class='ocrx_word' id='word_1_255' title='bbox 768 4599 787 4674; x_wconf 66' lang='grc' dir='ltr'><strong>ἓ</strong></span> <span class='ocrx_word' id='word_1_256' title='bbox 809 4601 841 4658; x_wconf 89' lang='grc'><em>8.</em></span> <span class='ocrx_word' id='word_1_257' title='bbox 865 4618 900 4659; x_wconf 85' lang='lat' dir='ltr'><em>n.</em></span> <span class='ocrx_word' id='word_1_258' title='bbox 926 4600 967 4657; x_wconf 81' lang='lat' dir='ltr'><em>X.</em></span> 
     </span>
    </p>
   </div>
   <div class='ocr_carea' id='block_1_6' title="bbox 0 0 1766 5317">
    <p class='ocr_par' dir='ltr' id='par_1_9' title="bbox 0 0 1766 5317">
     <span class='ocr_line' id='line_1_38' title="bbox 0 0 1766 5317; baseline 0 0"><span class='ocrx_word' id='word_1_259' title='bbox 0 0 1766 5317; x_wconf 95' lang='lat' dir='ltr'><em> </em></span> 
     </span>
    </p>
   </div>
  </div>
 </body>
</html>
