3509 5317
670 522 828 582 ..83-

199 675 218 717 a
242 658 359 726 Favet
381 657 492 727 etiam
515 655 637 726 eidem
669 660 872 729 sententiae
896 659 1098 729 auctoritas
1126 659 1365 746 imperatoris

135 763 333 850 Iustiniani,
357 765 421 853 qui
446 766 481 833 in
506 765 634 836 codice
661 787 686 835 a
716 764 943 836 Gotbofredo
975 767 1154 837 illustrato
1187 765 1245 835 lib.
1271 771 1289 834 1
1318 765 1364 835 de

134 871 301 962 Episcop.
326 877 364 943 et
392 872 516 944 Cierio.
538 874 678 945 Nooeli.
703 877 767 961 45,
795 877 1011 945 huiusmodi
1028 877 1177 964 nuptias
1201 875 1362 945 nefarias

133 987 166 1050 et
186 984 424 1052 incestuosas
447 984 630 1071 appellat,
656 987 692 1054 et
715 983 836 1054 soboli
866 985 952 1054 inde
986 988 1203 1072 procreatae
1233 990 1361 1058 notam

132 1086 394 1177 illegitimitatis
417 1096 455 1160 et
476 1095 624 1178 turpem
659 1096 838 1182 paternae
860 1092 1145 1161 incontinentiae
1170 1090 1360 1160 maculam

131 1195 249 1265 inurit.
275 1199 321 1265 Et
344 1196 426 1266 licet
448 1197 483 1265 in
503 1198 647 1267 iuribus
664 1198 923 1270 ecclesiasticis
946 1199 1117 1286 potestati
1141 1198 1255 1282 laicae
1278 1197 1361 1267 sola

132 1303 252 1376 relicta
283 1306 330 1374 sit
359 1305 475 1393 gloria
508 1306 754 1393 obsequendi,
783 1324 857 1375 non
892 1306 1094 1376 auctoritas
1128 1306 1359 1393 imperandi3

131 1410 164 1477 in
180 1413 351 1482 subiecto
364 1418 488 1481 tamen
503 1431 594 1482 casu
610 1413 772 1500 loquitur
785 1413 992 1508 imperator
1015 1414 1168 1484 relative
1180 1412 1227 1484 ad
1240 1432 1291 1482 ss.
1304 1432 1361 1482 ca·

131 1537 259 1606 nones,
286 1520 357 1588 ibi:
381 1538 478 1608 qnae
502 1525 539 1589 et
562 1518 685 1590 saeris
708 1519 792 1589 nisa
816 1526 905 1589 sunt
927 1519 1131 1590 canonibus
1154 1544 1186 1588 v.

192 1629 248 1697 20.
275 1628 474 1696 Posteriori
498 1634 626 1698 autern
651 1629 918 1698 Constitutione
934 1631 1021 1700 item
1047 1649 1116 1718 pro
1140 1631 1285 1718 copbtis
1301 1649 1359 1700 oa·

132 1733 272 1802 lbolicis
297 1733 390 1804 edita
411 1733 421 1770 ²
445 1735 544 1804 idem
570 1735 740 1805 Pontifex
771 1737 959 1824 quaedam
984 1738 1202 1823 decernens,
1234 1739 1359 1826 quoad

131 1842 428 1930 dispensationes
451 1861 567 1929 super
583 1844 829 1914 matrimoniis
852 1845 1051 1914 contractis
1078 1855 1163 1931 post
1183 1846 1358 1915 Ordinem

130 1969 283 2020 sacrum
300 1950 323 2036 ²,
348 1948 480 2021 iterum
507 1952 604 2021 banc
626 1952 742 2039 tangit
764 1953 1035 2039 quaestionem.
1059 1952 1191 2033 Quoad
1216 1952 1359 2040 dispen-

131 2061 295 2129 sationes
319 2061 442 2147 itaque
471 2059 619 2130 scribit:
653 2060 841 2128 «Auditis
870 2060 1192 2147 congregatorum
1229 2058 1359 2128 suffra·

130 2166 204 2255 giis,
229 2167 265 2235 in
293 2186 336 2235 ea
354 2165 494 2235 fuimus
509 2168 700 2253 sententia,
719 2173 759 2236 ut
774 2167 913 2236 nemini
937 2165 1095 2236 facultas
1118 2166 1359 2253 dispensandi

130 2275 407 2358 concederetur,
430 2275 499 2344 sed
530 2275 616 2345 Sedi
643 2275 869 2362 apostolicae
902 2280 1182 2343 reservaretur:
1207 2262 1247 2343 ut
1270 2294 1357 2343 cum

130 2398 239 2450 casas
263 2382 468 2470 contigerit,
493 2387 529 2451 et
551 2382 781 2470 dispensatio
805 2381 1024 2469 postuletur,
1053 2387 1198 2450 mature
1223 2400 1357 2469 expen-

18 2509 19 2512 ’
130 2487 262 2556 dantur
289 2506 388 2574 quae
423 2506 580 2558 necesse
604 2497 661 2559 est
696 2488 1013 2573 considerarent
1048 2486 1105 2555 vel
1130 2488 1358 2558 concedatur

17 2603 19 2690 ji
132 2593 186 2662 vel
210 2593 418 2682 denegetur
442 2594 785 2682 dispensandam
804 2595 851 2663 de
868 2613 909 2663 re
924 2594 1149 2681 gravissima
1170 2612 1214 2663 ac
1231 2596 1358 2681 magni

17 2713 19 2784 ᾗ
131 2701 306 2769 momenti
331 2710 474 2789 agatur.
502 2704 701 2772 Decretum
733 2713 860 2772 autem
896 2703 1087 2770 conditum
1123 2703 1238 2770 estin
1265 2702 1357 2770 haec

17 2795 19 2876 Ξ
103 2809 271 2879 verba:
302 2847 324 2859 -
357 2809 575 2880 Recurrant
606 2810 659 2880 ad
691 2809 939 2899 apostolicam
975 2807 1106 2878 Sedent
1141 2807 1179 2876 in
1209 2806 1357 2877 casibus

17 2911 19 2942 ³
129 2914 502 3002 particularitatem
526 2916 663 3005 quibas
687 2917 722 2987 si
744 2916 788 2986 ab
810 2935 950 3007 praees
965 2934 1102 2985 causas
1127 2913 1356 3003 dispensatio

130 3041 241 3111 snper
264 3022 506 3092 matrimonio
538 3023 628 3094 inito
650 3030 738 3114 post
768 3023 926 3093 Ordines
956 3041 1087 3092 sacros
1117 3021 1354 3092 concedenda

17 3203 18 3206 Ἴ
131 3127 326 3215 videbitur,
355 3135 443 3201 tane
468 3130 614 3201 nullum
647 3131 803 3201 narbam
824 3131 907 3222 flat
929 3129 976 3200 de
1003 3129 1245 3216 renovatione
1275 3149 1357 3200 con-

129 3254 257 3306 sensus
273 3261 305 3305 v.

192 3349 390 3417 Rationem
425 3349 587 3418 reddens
624 3348 792 3419 Pontifex
823 3350 939 3418 huius
975 3348 1276 3435 praescriptionis
1307 3348 1355 3417 de

17 3525 19 3542 ι
130 3445 228 3522 nullo
253 3455 370 3524 verbo
394 3453 562 3525 faciendo
587 3456 623 3523 in
641 3455 982 3543 dispensationibus
997 3455 1123 3542 quoad
1148 3456 1354 3525 renovatio·

17 3623 18 3626 ,
130 3577 213 3628 nem
236 3580 458 3650 consensus
483 3564 541 3649 ita,
566 3563 612 3632 ad
640 3570 875 3649 praesentem
901 3561 1003 3650 quod
1028 3563 1154 3633 attinet
1173 3565 1355 3650 quaestio

130 3686 222 3756 nem,
241 3670 503 3757 prosequitur:
530 3672 606 3738 «ln
630 3671 780 3741 decreto
804 3689 897 3739 mox
914 3670 1028 3740 relato
1048 3670 1151 3737 haud
1169 3689 1278 3739 mens
1294 3690 1356 3740 no

130 3781 203 3844 stra
230 3775 305 3860 fuit
337 3778 601 3848 renovationes
631 3796 842 3848 consensus
872 3776 1075 3846 excludere
1109 3794 1196 3845 cum
1233 3779 1354 3847 matri-

130 3883 294 3952 monium
319 3891 426 3954 extra
450 3885 716 3955 dubitationem
741 3885 888 3954 nullum
920 3889 997 3971 est;
1021 3921 1044 3931 -
1066 3882 1134 3951 sed
1158 3901 1247 3953 cum
1274 3903 1354 3972 gra-

192 4053 201 4090 ¹
224 4053 409 4113 Benedictus
429 4054 505 4113 XIV
526 4054 629 4114 Oonst.
658 4055 754 4111 Anno
777 4061 920 4112 vertente
943 4071 1051 4128 repar.
1078 4052 1133 4112 sub
1161 4051 1210 4111 die
1237 4050 1277 4108 19
1303 4055 1354 4109 in·

130 4150 179 4206 nii
203 4149 332 4226 17505
360 4151 409 4211 12.
434 4159 466 4211 et
485 4171 569 4228 seqq.

191 4247 257 4308 ²Id
281 4250 457 4326 frequenter
479 4250 593 4311 accidit
614 4251 696 4310 inter
718 4250 872 4310 Iacobitas
901 4249 1040 4326 (Syriaci
1068 4247 1181 4324 ritus),
1215 4248 1352 4323 aliosque

129 4346 357 4420 schismaticos,
379 4349 431 4424 qui
453 4353 522 4426 post
553 4353 726 4426 susceptum
748 4348 951 4407 Diaconatum
982 4364 1072 4423 saepe
1093 4346 1206 4404 ducunt
1228 4362 1348 4404 uxores.

129 4443 198 4504 Oum
218 4451 322 4505 autern
343 4446 490 4506 eiusmodi
512 4446 626 4507 Clerici
647 4448 679 4506 in
702 4447 800 4505 sacris
820 4445 1002 4516 constituti,
1025 4445 1195 4503 schismata
1215 4450 1247 4505 et
1268 4461 1352 4503 erro·

129 4542 209 4604 ribus
228 4545 370 4616 inieratis,
388 4545 426 4605 ad
440 4545 540 4605 sinum
557 4546 686 4605 redeunt
707 4545 739 4605 S.
757 4545 799 4604 M.
821 4544 979 4604 Ecclesiae
994 4543 1179 4613 catholicae,
1199 4543 1350 4621 agendam

128 4644 259 4703 occurrit
278 4643 316 4703 de
337 4661 441 4703 eorum
463 4644 619 4704 celebrato
641 4648 709 4720 post
729 4660 834 4702 sacros
855 4642 988 4702 Ordines
1009 4641 1215 4700 matrimonio.
