3509 5317
865 514 1045 574 -278-

342 650 538 721 iuramenti
563 652 711 722 vinculo
735 658 862 740 aperte
876 652 1042 723 declarat
1065 653 1114 723 ad
1130 659 1310 723 octavum
1336 653 1583 742 interrogato·

343 757 440 825 rinm
451 776 459 824 :
472 795 493 806 -
508 760 622 845 ‹eNon
635 759 685 827 mi
701 757 723 828 e
739 764 833 829 stata
850 759 926 828 nrai
942 759 1122 847 richiesta,
1142 760 1309 848 equindi
1326 778 1401 829 non
1424 761 1473 828 ho
1499 761 1581 829 mai

344 865 562 935 ‹ritasciata
584 866 718 936 alcuna
735 866 974 954 delegazione
998 884 1067 953 per
1091 867 1333 936 matrimonio
1357 865 1413 937 ira
1437 867 1581 936 Tizioe

343 991 364 1034 ‹
387 971 471 1042 Caia
495 994 526 1040 t.
552 972 687 1058 (Actor.
718 971 778 1042 iol.
800 973 869 1058 35).
895 975 939 1043 Et
963 971 1157 1043 undecimo
1183 978 1341 1061 rogatus
1364 992 1413 1043 an
1437 974 1486 1043 illi
1512 995 1582 1044 un-

342 1097 457 1165 quam
482 1098 610 1151 coram
634 1094 676 1151 se
699 1082 864 1150 steterint
887 1080 935 1150 ad
966 1082 1033 1152 rite
1055 1099 1289 1151 consensum
1317 1079 1364 1150 de
1387 1083 1580 1169 praesenti

342 1188 614 1273 renovandum,
647 1188 855 1274 respondit:
882 1208 900 1251 ‹
928 1186 1014 1257 Non
1037 1186 1158 1257 nicil»
1184 1186 1285 1273 (ibid.
1310 1185 1359 1256 iol
1382 1188 1450 1273 37).
1475 1188 1581 1258 Ordi-

341 1293 470 1362 narius
494 1300 620 1363 autem
643 1298 719 1362 tam
745 1295 854 1383 longe
884 1294 1014 1365 aberat
1036 1293 1085 1364 ab
1120 1295 1190 1377 hac
1225 1293 1405 1364 tradenda
1430 1292 1581 1383 delega-

341 1402 439 1471 tione
454 1401 619 1487 parocho
636 1420 666 1469 s.
684 1403 869 1470 Francisci
882 1400 930 1471 ad
947 1401 1163 1471 detestabile
1178 1401 1411 1471 connubium
1427 1401 1579 1489 absque

341 1509 567 1596 apostolicae
591 1509 698 1580 Sedis
721 1510 1027 1598 dispensatione*
1053 1510 1355 1598 permittendum,
1382 1520 1423 1580 ut
1443 1528 1465 1579 e
1488 1528 1580 1579 con·

299 1652 302 1659 =
340 1621 396 1685 tra
420 1617 541 1685 statim
567 1635 612 1686 ac
643 1617 797 1703 rescivit,
828 1617 931 1686 illum
957 1618 1167 1704 parochum
1200 1625 1373 1705 paratum
1399 1637 1441 1688 se
1465 1636 1574 1704 prae·

341 1720 469 1790 huisse
496 1722 543 1790 a'd
568 1724 834 1810 praestandam
866 1724 1018 1811 proprio
1051 1734 1170 1794 marte
1200 1725 1453 1795 assistentiam
1484 1724 1579 1793 huic

341 1830 774 1920 matrimonio‚·gravem
805 1832 928 1902 eidem
954 1833 1097 1903 miserit
1128 1833 1324 1921 epistolam
1349 1834 1423 1902 suh
1445 1833 1505 1903 die
1529 1836 1577 1903 17

341 1935 414 2004 iulii
440 1939 527 2006 1863
551 1937 645 2023 (licet
659 1957 746 2007 sero
770 1939 818 2008 ad
834 1957 922 2008 eum
941 1940 1159 2026 pervenerit
1176 1958 1263 2009 cum
1291 1939 1575 2021 matrimonium

341 2044 516 2129 postridie
539 2042 646 2114 fuerit
665 2045 917 2133 celebratum),
934 2066 1008 2134 qna
1026 2046 1294 2117 concludebat:
1322 2068 1341 2110 ‹
1365 2037 1394 2115 E
1417 2047 1492 2115 mio
1510 2047 1579 2115 do-

342 2170 361 2212 «
379 2169 466 2220 vere
481 2150 572 2220 farle
587 2154 723 2221 sentire
739 2154 808 2223 che
832 2153 985 2223 codestc
1001 2172 1072 2223 suo
1094 2154 1297 2241 procedere
1323 2172 1398 2222 non
1416 2152 1437 2222 d
1453 2162 1577 2241 punto

230 2294 232 2299 .
280 2240 286 2253 ’
342 2277 361 2320 ‹
378 2258 543 2327 secondo
560 2259 593 2328 le
610 2260 847 2346 prescrizioni
863 2261 898 2330 di
916 2260 952 2330 S.
977 2261 1165 2349 Chicsa3e
1188 2260 1319 2349 quindi
1345 2261 1378 2332 le
1401 2258 1576 2349 significo

343 2367 414 2435 «di
438 2369 668 2456 sospendere
692 2369 725 2437 le
748 2367 1029 2456 pubblicazioni,
1046 2387 1068 2437 e
1085 2365 1126 2437 di
1149 2387 1222 2437 non
1238 2366 1420 2438 assistere
1441 2367 1480 2437 ct
1494 2388 1578 2437 trra·

342 2474 550 2544 «trimonio
575 2498 593 2539 ι»
628 2476 763 2561 (Actor.
786 2463 846 2545 fot.
870 2478 903 2545 3.
927 2514 950 2522 -
973 2475 1088 2563 Alleg.
1121 2476 1175 2561 D).
1201 2476 1310 2547 Unde
1337 2476 1453 2545 iudex
1475 2475 1576 2546 dele·

339 2588 450 2670 gatus
474 2584 509 2650 ln
535 2581 685 2652 terenda
716 2584 896 2652 sententia
928 2583 974 2652 de
1005 2583 1119 2652 huius
1145 2585 1373 2654 matrimonii
1407 2583 1574 2654 nullitate

339 2689 456 2775 potnit
467 2690 783 2760 animadvertere:
799 2689 1009 2759 «Constare
1021 2709 1071 2758 ex
1083 2690 1185 2775 actis,
1201 2693 1409 2777 parochum
1420 2710 1449 2760 a
1460 2693 1575 2761 Fran-

341 2796 462 2865 ‹cisci
488 2797 563 2865 ruri
580 2796 722 2866 nullam
740 2797 917 2888 habuisse
933 2796 1204 2885 delegationem
1225 2817 1348 2887 neque
1363 2820 1386 2870 a
1403 2802 1572 2887 parocho

341 2903 580 2972 «volentium
605 2904 884 2974 matrimonium
908 2905 1131 2975 contrahere
1154 2924 1278 2994 neque
1302 2908 1350 2976 ab
1375 2908 1570 2977 Ordinario

341 3011 445 3080 «loci
470 3036 488 3076 »
515 3012 643 3101 (Alleg.
660 3013 738 3098 CC).

405 3119 497 3189 Cum
523 3120 792 3215 itaque-neque
824 3117 1012 3205 domicilii,
1039 3134 1163 3206 neque
1187 3117 1418 3209 vagationis,
1445 3138 1570 3208 neque

338 3222 578 3314 delepationis
602 3227 742 3296 ratione
766 3226 956 3313 parochus
985 3246 1015 3294 s,
1044 3226 1235 3297 Francisci
1258 3227 1506 3299 iurisdictione
1531 3233 1568 3298 in

337 3334 599 3403 contrahentes
622 3332 786 3420 polleret,
811 3334 914 3421 nullo
938 3338 1046 3419 pacto
1075 3333 1146 3403 dici
1173 3336 1293 3421 potuit
1310 3335 1494 3425 proprius
1510 3355 1571 3405 eo

339 3458 424 3508 rum
438 3440 626 3527 parochus
642 3447 678 3509 et
692 3445 966 3527 consequenter
982 3440 1263 3510 matrimonium
1281 3460 1409 3511 coram
1426 3461 1471 3513 eo
1484 3461 1572 3511 con·

338 3551 495 3616 tractum
520 3567 540 3616 a
565 3538 657 3615 Titio
680 3555 717 3617 et
738 3547 824 3617 Gaia
848 3547 1012 3617 nullitate
1038 3547 1196 3630 laborat
1221 3549 1362 3637 quippe
1386 3556 1567 3638 tanquam

337 3652 609 3723 clandestinum
635 3653 852 3723 habendum
869 3654 928 3722 sit.

402 3762 457 3829 37.
482 3761 555 3829 Sed
573 3760 647 3829 iam
670 3761 718 3830 ad
741 3759 886 3830 tertiam
903 3766 961 3830 est
983 3762 1270 3848 properandum
1296 3763 1566 3849 quaestionem,

336 3885 434 3954 quae
458 3868 507 3935 ita
530 3867 771 3954 proponitur:

400 4106 409 4142 ¹
433 4105 497 4167 Oir.
519 4106 549 4163 in
570 4107 763 4183 Appendice
785 4108 824 4164 5⁰
846 4109 1083 4171 instructionem
1105 4112 1178 4170 Etsi
1199 4113 1438 4172 Saneh'rstmna
1459 4112 1567 4173 datam

335 4204 385 4263 die
412 4205 452 4261 15
475 4209 657 4266 novembris
682 4209 783 4275 1858,
805 4229 896 4286 qnam
919 4212 950 4271 in
973 4212 1073 4273 lucem
1094 4214 1191 4274 edidit
1212 4214 1327 4275 Petrus
1348 4215 1502 4275 Aventini
1534 4217 1567 4276 in

335 4303 398 4362 auis
420 4303 528 4364 latinis
550 4305 743 4383 Ephemerid.
765 4310 874 4384 quibua
896 4311 1027 4371 titulus:
1051 4311 1134 4370 Acta
1156 4311 1298 4371 Sanctae
1320 4313 1424 4381 Sedis,
1445 4316 1507 4371 vol.
1532 4315 1567 4371 6.

333 4419 411 4478 paq.
433 4401 514 4460 456.
538 4412 570 4461 et
588 4424 670 4481 seqq.
