3509 5317
1335 549 1691 608 -321—

294 688 681 772 validitate,
731 694 1032 775 propter
1093 687 1366 756 motiva
1418 687 1489 754 in
1563 685 1946 755 fiscalibus
2015 682 2621 753 conclusionibus
2668 683 2737 750 in

278 796 585 883 'scriptis
631 795 991 881 exposita,
1041 811 1125 863 se
1172 799 1421 863 tamen
1472 792 1873 862 subiiciens
1919 790 2298 878 definitiyo
2329 788 2545 858 Sedis
2576 805 2741 875 apo÷

296 903 594 974 stolicae
641 902 906 972 iudicio
954 902 1139 988 (Act.
1184 899 1330 970 foll.
1377 899 1740 987 244-245).
2383 925 2393 933 ·

423 1013 530 1079 14.
584 1012 791 1092 Quae
837 1028 1012 1079 cum
1064 1010 1152 1080 ita
1208 1009 1369 1095 sint,
1419 1028 1747 1096 cumque
1795 1008 1894 1077 ab
1940 1009 2078 1076 EE.
2131 1006 2202 1076 S.
2238 1005 2745 1095 congregatio—

294 1118 406 1186 nis
454 1117 751 1188 Concilii
818 1119 953 1186 PP.
1025 1118 1585 1188 decernendum
1636 1117 1729 1185 sit
1775 1136 1869 1185 an
1945 1117 2316 1204 praedicta
2384 1120 2737 1186 sententia

294 1227 554 1297 Curiae
602 1227 1042 1314 episcopalis
1089 1227 1178 1297 in,
1212 1227 1450 1314 prima
1499 1225 1844 1295 instantia
1891 1224 2173 1312 prolata
2225 1221 2737 1292 confirmanda

284 1332 405 1402 *vel
456 1331 911 1403 infirmanda
955 1334 1049 1401 sit
1093 1333 1164 1400 in
1214 1351 1420 1418 casu,
1469 1332 1563 1401 ad
1614 1331 1685 1399 id
1733 1331 1969 1418 probe
2015 1349 2104 1399 ac
2151 1336 2443 1399 mature
2502 1331 2745 1399 decer-

292 1442 622 1511 nendum
676 1441 1007 1510 maxime
1055 1459 1144 1508 ac
1190 1440 1370 1510 satis
1415 1437 1754 1508 conferre
1805 1436 2113 1522 videtur,
2161 1437 2221 1505 si
2274 1438 2457 1506 haec
2489 1437 2640 1506 duo
2673 1440 2741 1504 in

295 1551 493 1620 hisce
540 1549 793 1618 causis
826 1566 1085 1618 sacrae
1121 1547 1293 1617 huic
1326 1545 1895 1634 Congregationi
1930 1543 2307 1615 familiaria
2346 1544 2737 1614 diluantur.

1409 1779 1630 1829 DUBIA

427 1961 472 2029 1.
525 1962 648 2028 An
693 1964 983 2029 constet
1026 1958 1119 2027 de
1167 1957 1503 2027 nullitate
1548 1956 2013 2027 matrimonii
2052 1956 2130 2025 in
2175 1977 2380 2026 casa.
2428 1993 2472 2006 -
2523 1956 2637 2025 vel

424 2068 505 2134 ΙΙ.
558 2068 682 2135 Αη
727 2064 823 2135 sit
866 2064 1398 2135 consulendum
1451 2064 1679 2132 SSmo
1722 2080 1871 2152 pro
1915 2061 2466 2151 dispensatione
2513 2081 2741 2151 super

293 2171 779 2243 matrimonio
826 2177 1001 2242 rato
1048 2177 1120 2241 et
1166 2190 1315 2240 non
1360 2175 1880 2241 consummato
1929 2167 2006 2238 in
2050 2189 2255 2239 casa.

1115 2385 1586 2468 QUAESTIO
1633 2385 1942 2453 PRIMA

699 2551 785 2620 De
833 2551 1103 2620 nullitate
1171 2550 1523 2618 matrimonii
1567 2566 1639 2616 ex
1685 2550 1887 2635 oapite
1935 2548 2345 2633 impotentiae.

726 2655 793 2732 α)
836 2649 1144 2735 Quaenam
1189 2649 1540 2734 impotentia
1586 2647 2016 2716 matrimonium
2061 2647 2314 2715 dirimat.

425 2835 532 2900 15.
584 2833 672 2900 Et
718 2838 801 2900 ut
843 2851 884 2900 a
938 2830 1178 2917 primo
1229 2830 1455 2898 dubio
1504 2830 1870 2917 incipiam,
1920 2830 2196 2900 scilicet
2244 2852 2280 2893 «
2314 2834 2429 2899 An
2465 2837 2745 2901 constat

295 2939 385 3009 de
432 2940 764 3009 nullitate
813 2938 1259 3008 matrimonii
1308 2938 1380 3005 in
1428 2956 1609 3008 casu
1645 2959 1682 3000 ›>
1732 2975 1779 2984 —
1810 2956 1986 3006 cum
2020 2956 2068 3006 a.
2098 2939 2313 3008 Curia
2350 2940 2745 3026 episcopali

297 3047 598 3117 nullitas
647 3045 1093 3114 matrimonii
1145 3046 1212 3113 in
1242 3039 1587 3114 'themate
1636 3045 2094 3131 proclamata
2127 3044 2341 3115 fuerit
2371 3066 2469 3115 ex
2515 3049 2745 3134 capite

296 3156 770 3243 impotentiae
822 3153 970 3238 viri,
1019 3151 1548 3240 inquirendum
1600 3151 1864 3248 sedulo
1914 3158 2027 3222 est
2072 3172 2450 3240 quaenam
2526 3154 2749 3241 impsi-

293 3264 513 3333 tentia
565 3260 1126 3331 matrimonium
1175 3259 1488 3345 dirimat,
1537 3267 1610 3328 et
1655 3279 1751 3327 an
1824 3259 1988 3330 talis
2049 3261 2521 3347 impotentiae
2583 3263 2749 3331 vitis-

296 3370 513 3440 Caius
569 3369 870 3438 laboret.
921 3368 1352 3455 Impotentia
1403 3368 1651 3454 itaque
1697 3368 2042 3454 generice
2089 3376 2410 3455 sumpta,
2463 3375 2574 3440 est
2621 3372 2749 3437 viri

295 3497 380 3547 ac
429 3476 767 3547 mulieris
813 3476 1231 3546 inhabilitas
1276 3476 1369 3545 ad
1420 3477 2015 3564 procreationem
2066 3476 2312 3564 proliS,
2364 3496 2559 3564 quae
2625 3478 2749 3545 du-

296 3584 470 3670 plex
496 3589 630 3670 est,
658 3583 931 3653 scilicet
952 3585 1380 3671 impotentia
1408 3583 1724 3651 coeundi
1752 3588 1824 3652 et
1857 3584 2277 3668 impotentia
2318 3588 2745 3671 generandi.

295 3699 486 3777 quae
537 3692 759 3760 etiam
810 3691 1149 3760 sterilitas
1195 3691 1475 3777 dicitur,
1512 3689 1606 3759 de
1637 3708 1792 3777 qua
1821 3690 1996 3757 nihil
2031 3690 2100 3758 in
2128 3693 2501 3777 praesenti
2535 3711 2749 3779 quae-

297 3799 555 3868 stione.
603 3835 650 3845 -
697 3797 1142 3887 Impotentc'a
1186 3796 1502 3867 coeundi
1545 3807 1660 3866 est
1718 3796 2147 3883 impotentia
2217 3797 2315 3865 ad
2377 3798 2745 3884 copulam¹¹

296 3922 430 3973 seu
480 3905 580 3975 ad
630 3907 1175 3992 penetrandum
1211 3925 1348 3975 vas
1380 3904 1789 3973 femineum
1823 3908 1895 3971 et
1925 3903 2022 3972 ad
2054 3922 2315 3974 semen
2350 3905 2543 3972 intra
2572 3904 2745 3974 illud

297 4011 845 4098 eiaculandum,
880 4014 940 4081 si
969 4023 1083 4081 est
1112 4031 1210 4080 ex
1242 4019 1450 4099 parte
1480 4013 1639 4100 viri;
1679 4014 1792 4082 vel
1822 4012 1917 4080 ad
1945 4011 2122 4079 illud
2151 4012 2657 4098 recipiendum
2689 4016 2746 4080 si

299 4124 532 4189 estex
558 4125 767 4206 parte
799 4119 1138 4206 feminae,
1170 4119 1368 4189 unde
1397 4122 1626 4189 maris
1658 4126 1731 4188 et
1762 4119 2079 4189 feminae
2107 4119 2426 4189 carnalis
2451 4124 2749 4189 commi

299 4226 433 4294 stio
484 4227 741 4296 haberi
790 4228 1062 4314 nequit.
1114 4228 1317 4296 Haec
1363 4234 1614 4297 autem
1664 4228 2090 4315 impotentia
2142 4228 2459 4306 coeundi
2522 4228 2749 4296 multi-

302 4332 474 4417 plex
520 4333 1011 4420 distinguitur,
1060 4333 1354 4403 scilicet:
1403 4339 1612 4403 certa
1660 4333 1780 4403 vel
1826 4331 2088 4418 dubia,
2157 4341 2382 4421 prout
2425 4340 2538 4404 est
2607 4353 2749 4404 ma-

301 4440 562 4511 nifesta
610 4441 727 4510 vel
776 4461 946 4529 non;
995 4480 1041 4489 —
1084 4440 1433 4510 absolata
1483 4441 1599 4510 vel
1645 4439 2092 4530 respectiva,
2131 4445 2354 4528 prout
2383 4441 2626 4510 existit
2655 4441 2749 4508 in-

303 4553 408 4616 ter
454 4551 702 4618 virum
749 4555 820 4617 et
865 4568 1131 4618 omnes
1181 4549 1533 4618 mulieres
1548 4569 1566 4635 ;
1618 4549 1734 4618 vel
1784 4551 1971 4619 inter
2018 4548 2263 4617 virum
2312 4554 2383 4617 et
2424 4547 2743 4634 aliquam

304 4657 690 4727 mulierem
741 4657 1343 4725 determinatam:
1392 4663 1464 4726 et
1496 4657 1601 4754 sic
1637 4657 2017 4725 viceversa
2038 4675 2057 4743 ;
2092 4692 2129 4703 -
2161 4653 2602 4724 antecedens
2638 4660 2745 4724 vel

459 4802 764 4846 MANSSLLA.
797 4803 868 4844 De
898 4802 1315 4852 lmpeasmentoe.
2595 4799 2645 4842 21
