3509 5317
353 620 587 680 Discurrurto
607 621 781 679 SECUNDA.
800 622 841 679 De
854 623 1025 679 matrimonii
1038 622 1165 680 nullitate
1184 638 1220 680 en
1236 623 1433 693 impedimento
1452 636 1518 679 con

428 778 430 781 ,
496 720 692 792 sanguinitatis
713 720 784 778 iuter
804 719 999 777 contrahentes
1009 763 1416 779 ..........
1451 736 1516 793 pop.
1535 718 1591 775 289

353 819 553 876 Anouuauruu
555 855 1459 877 .....................
1497 839 1509 867 ι
1553 819 1590 874 ib.
1633 842 1635 845 v

424 918 557 976 Actorum
577 919 664 977 series
683 920 832 990 exponitur
871 957 1457 977 ..............
1494 940 1506 968 ι
1549 919 1588 977 ib.

354 1017 505 1085 Quansmo.
526 1018 571 1073 hu
590 1018 802 1075 matrimonium·
818 1018 847 1074 in
867 1019 990 1076 themate
1010 1017 1116 1075 nullum
1136 1026 1218 1089 atque
1238 1017 1346 1073 irritum
1366 1018 1403 1073 sit
1420 1016 1458 1073 ob
1475 1030 1519 1073 as

498 1125 603 1174 sertum
622 1117 875 1188 consanguinitatis
894 1117 1150 1187 impedimentum.
1175 1189 1180 1199 ἢ
1189 1155 1461 1173 .......
1499 1136 1510 1163 ι
1535 1115 1589 1171 293

460 1216 515 1279 tl.
535 1214 608 1281 Quid
627 1215 656 1270 iu
675 1216 734 1271 iure
753 1214 789 1272 de
807 1215 984 1285 cognationis
1004 1215 1138 1273 naturalis
1159 1214 1357 1285 impedimento
1408 1256 1415 1269 .
1453 1253 1459 1266 .
1498 1234 1508 1262 ι
1551 1214 1588 1271 ib.

460 1313 515 1377 Η.
536 1313 608 1381 Quid
627 1314 656 1369 in
675 1312 748 1371 lecto
768 1328 804 1370 ex
823 1314 914 1383 prima
935 1314 1130 1380 probationum
1143 1314 1241 1379 classe,
1260 1328 1295 1370 ex
1308 1314 1516 1384 parochialibus

496 1426 598 1482 nempe
617 1411 761 1468 codicibus
783 1420 896 1469 eruamr
917 1449 1460 1470 .............
1498 1430 1509 1456 ι
1534 1408 1590 1465 295

459 1509 515 1572 lb.
535 1510 679 1576 Quaenam
702 1509 770 1568 ddes
790 1510 996 1581 parochialibus
1017 1508 1095 1566 libris
1114 1511 1150 1566 sit
1168 1509 1373 1569 adhibenda..
1411 1552 1417 1565 .
1456 1551 1462 1562 .
1500 1503 1591 1562 ³298

460 1606 515 1671 si.
537 1607 610 1675 Quid
638 1607 674 1664 ab
699 1609 786 1666 altero
807 1607 1005 1680 probationum
1025 1621 1144 1677 genere,
1163 1622 1197 1664 ex
1217 1608 1330 1664 testium
1348 1619 1450 1677 nempe
1468 1606 1516 1662 de·

498 1705 685 1776 positionibus
703 1705 895 1763 confirmetur:
916 1705 964 1762 ubi
984 1706 1019 1763 de
1039 1705 1150 1761 testium
1172 1704 1304 1776 qualitate
1323 1704 1476 1772 disseritur,
1489 1710 1518 1760 et

497 1803 615 1876 qtraliter
635 1805 688 1862 hoo
708 1806 735 1860 in
758 1819 858 1876 genere
879 1805 1053 1875 probationis
1072 1803 1211 1875 deponere
1229 1802 1369 1860 debeant.
1409 1845 1416 1857 .
1454 1843 1461 1856 .
1499 1801 1589 1859 »le

458 1901 515 1963 sb.
538 1901 728 1972 apostoticam
748 1901 987 1972 dlspensationem
1008 1902 1036 1956 in
1055 1915 1122 1959 casu
1141 1901 1275 1959 deiecisse
1298 1901 1460 1958 ostenditur.
1499 1922 1510 1948 ι
1535 1900 1589 1956 aot

353 2000 509 2058 Gonocusro
553 2037 1461 2059 .....................
1499 1997 1591 2055 »508

425 2100 600 2167 Responsum
619 2098 646 2156 S.
666 2099 695 2155 C.
714 2097 830 2155 Concilil
852 2099 887 2155 ad
907 2099 1079 2169 propositum
1098 2098 1215 2156 dubium
1228 2141 1459 2156 ......
1498 2119 1509 2146 »
1534 2098 1590 2154 309

354 2196 590 2256 utsunerarto
611 2197 752 2254 l'lillllh.
770 2197 810 2252 De
830 2197 1000 2253 matrimonii
1027 2195 1155 2253 nullitate
1173 2210 1209 2252 ex
1226 2196 1403 2266 impotentia,
1422 2211 1455 2251 ao
1480 2195 1515 2251 de

497 2296 665 2353 matrimonii
686 2294 736 2351 rati
757 2309 814 2351 non
832 2295 1018 2352 consummati
1039 2294 1246 2364 dispensatione
1276 2336 1459 2352 .....
1498 2315 1510 2343 »
1551 2294 1590 2350 ib.

355 2395 554 2450 Aneuunrruuu
556 2431 1459 2450 .....................
1496 2413 1507 2439 ι
1551 2392 1590 2449 ib.

425 2493 561 2549 Actorum
581 2491 711 2563 synopsis
738 2532 1460 2548 .................
1498 2511 1510 2538 ι
1535 2490 1588 2547 bil

354 2592 442 2649 Iluam
468 2629 1461 2649 .......................
1498 2607 1510 2635 ι
1536 2585 1589 2642 bil

354 2689 496 2757 Qurasnro
515 2704 612 2747 rnrun.
633 2690 672 2745 lle
691 2687 818 2747 nullitate
838 2688 1010 2744 malrimonii
1030 2703 1065 2744 ex
1084 2688 1175 2757 capite
1195 2685 1372 2757 impotentiae
1409 2727 1416 2741 .
1454 2729 1460 2742 .
1497 2705 1510 2732 ι
1551 2685 1590 2741 ib.

460 2786 489 2858 o)
509 2787 652 2853 Quaenam
673 2786 836 2856 impotentia
854 2786 1061 2842 matrimonium
1081 2785 1193 2842 dirimat
1231 2824 1460 2840 ......
1497 2803 1509 2831 »
1549 2782 1588 2838 ih.

463 2884 489 2957 b)
509 2886 551 2943 Ex
565 2886 640 2942 actis
653 2885 816 2950 ostenditur,
830 2885 918 2941 uimm
940 2884 1068 2941 laborare
1087 2883 1251 2954 impotentia
1266 2881 1395 2938 absoluta
1406 2888 1517 2939 antece·

496 2983 572 3038 denti
588 2989 617 3037 et
630 2990 769 3053 perpetua
786 2982 861 3052 quod
880 2983 1020 3038 canonica
1031 2990 1059 3037 et
1072 2979 1281 3051 medico-legali
1301 2979 1517 3051 lurisprudentla

497 3081 680 3138 condrmatur
693 3120 1461 3138 ..................
1499 3099 1511 3127 r
1536 3077 1590 3134 323

461 3180 487 3248 o)
506 3181 546 3238 De
567 3181 692 3239 triennali
717 3182 890 3251 experientia
910 3181 1070 3250 peragenda
1089 3179 1131 3235 vel
1150 3179 1311 3243 omittenda,
1330 3185 1414 3249 prout
1432 3177 1518 3235 dubia

499 3279 543 3336 rel
562 3285 637 3336 certa
656 3279 737 3335 luerit
756 3280 921 3350 impotentia
965 3323 972 3335 .
1010 3324 1015 3334 .
1055 3317 1061 3328 .
1099 3320 1462 3335 .........
1501 3274 1592 3332 »356

355 3379 498 3445 Quassmo
516 3391 651 3435 sacerna.
671 3378 710 3433 lie
730 3378 937 3445 dispensatione
957 3376 1125 3433 matrimonii
1146 3375 1198 3432 rati
1217 3388 1275 3430 non
1294 3374 1479 3432 consummati
1499 3394 1510 3421 ι
1535 3372 1591 3429 558

461 3475 489 3546 o)
509 3477 548 3532 lle
573 3477 675 3534 summi
703 3475 847 3532 Pontillcls
874 3484 1010 3547 potestate
1041 3476 1222 3546 dispensandi
1248 3477 1284 3533 ab
1317 3473 1516 3544 impedimento

498 3573 601 3631 vinculi
622 3574 793 3631 matrimonii
814 3574 865 3631 rati
884 3584 912 3631 et
930 3588 985 3631 non
1006 3576 1192 3633 consummati
1231 3609 1464 3631 ......
1500 3592 1511 3618 ι
1536 3569 1590 3627 539

464 3671 490 3744 b)
510 3674 549 3728 lle
569 3686 627 3728 non
644 3672 887 3729 consummatione
907 3674 1078 3730 matrimonii
1098 3674 1249 3745 probanda
1271 3701 1286 3712 -
1310 3671 1463 3743 inquiritur
1480 3684 1515 3726 an
1608 3688 1611 3693 ·
1693 3662 1746 3734 ‚'

498 3771 652 3829 decretoria
669 3776 765 3828 exient
784 3771 811 3825 ln
831 3784 899 3828 casu
918 3782 1101 3842 argumenta,
1120 3773 1224 3842 ouibus
1250 3785 1308 3828 non
1331 3778 1427 3827 secuta
1453 3781 1517 3825 con

498 3869 647 3926 summario
666 3869 886 3925 luculentissime
908 3876 1014 3939 pateat:
1041 3870 1117 3941 quod
1136 3878 1193 3929 tum
1212 3885 1247 3927 ex
1267 3870 1318 3926 viri
1345 3869 1516 3939 impotentia,

497 3974 555 4025 turn
576 3982 610 4023 ex
630 3975 774 4038 perspecta
792 3979 824 4023 ac
844 3967 911 4023 satis
941 3982 1080 4040 superque
1109 3967 1224 4038 probata
1249 3967 1365 4037 physica
1393 3965 1518 4021 mulieris

499 4066 657 4136 virginitate
676 4071 804 4123 constare
824 4067 980 4121 ostenditur
1009 4104 1462 4122 ...........
1500 4082 1511 4109 ι
1536 4059 1589 4117 540

462 4166 488 4238 c)
505 4166 546 4222 lle
565 4166 642 4235 gravi
656 4174 683 4221 et
699 4165 771 4223 iusta
783 4178 869 4221 causa
881 4165 915 4221 ad
929 4164 1159 4235 dispensandum.
1172 4193 1188 4205 ·
1201 4163 1361 4231 Quaeritur,
1373 4177 1411 4218 an
1429 4163 1519 4219 iustae

497 4263 526 4318 in
545 4276 612 4319 casu
630 4269 800 4317 concurrant
828 4274 984 4332 gravesque
1012 4276 1113 4320 causae
1134 4276 1183 4332 pro
1206 4260 1349 4332 pontificia
1374 4258 1517 4330 dispensa·

497 4360 586 4425 tione;
601 4373 672 4429 quae
691 4358 727 4414 ab
745 4358 848 4415 actuali
867 4360 927 4415 sive
942 4368 1076 4431 perpetua
1096 4362 1154 4418 sive
1181 4359 1327 4430 temporali
1353 4357 1519 4429 impotentia

496 4459 556 4524 viri,
576 4466 659 4528 atque
681 4471 717 4513 ex
735 4456 893 4513 animorum
912 4457 1059 4514 aversione
1080 4465 1209 4530 petuntur
1228 4498 1460 4516 ......
1497 4475 1508 4502 ι
1533 4453 1585 4510 att
