<?xml version="1.0" encoding="UTF-8"?>
<!DOCTYPE html PUBLIC "-//W3C//DTD XHTML 1.0 Transitional//EN"
    "http://www.w3.org/TR/xhtml1/DTD/xhtml1-transitional.dtd">
<html xmlns="http://www.w3.org/1999/xhtml" xml:lang="en" lang="en">
 <head>
  <title>
</title>
<meta http-equiv="Content-Type" content="text/html;charset=utf-8" />
  <meta name='ocr-system' content='tesseract 3.04.00' />
  <meta name='ocr-capabilities' content='ocr_page ocr_carea ocr_par ocr_line ocrx_word'/>
</head>
<body>
  <div class='ocr_page' id='page_1' title='image "./decausismatrimo00mansgoog_0276.png"; bbox 0 0 3509 5317; ppageno 0'>
   <div class='ocr_carea' id='block_1_1' title="bbox 1728 425 2086 484">
    <p class='ocr_par' dir='ltr' id='par_1_1' title="bbox 1728 425 2086 484">
     <span class='ocr_line' id='line_1_1' title="bbox 1728 425 2086 484; baseline 0 -14"><span class='ocrx_word' id='word_1_1' title='bbox 1728 425 2086 484; x_wconf 70' lang='grc'>...264-</span> 
     </span>
    </p>
   </div>
   <div class='ocr_carea' id='block_1_2' title="bbox 678 563 3138 1514">
    <p class='ocr_par' dir='ltr' id='par_1_2' title="bbox 678 563 3138 1514">
     <span class='ocr_line' id='line_1_2' title="bbox 678 563 3136 650; baseline 0 -20"><span class='ocrx_word' id='word_1_2' title='bbox 678 566 1041 650; x_wconf 67' lang='lat' dir='ltr'>ignorant,</span> <span class='ocrx_word' id='word_1_3' title='bbox 1091 565 1411 634; x_wconf 81' lang='lat' dir='ltr'>invalide</span> <span class='ocrx_word' id='word_1_4' title='bbox 1457 565 1908 633; x_wconf 87' lang='lat' dir='ltr'>contrahunt</span> <span class='ocrx_word' id='word_1_5' title='bbox 1942 563 2502 633; x_wconf 78' lang='lat' dir='ltr'>matrimonium</span> <span class='ocrx_word' id='word_1_6' title='bbox 2534 563 2607 631; x_wconf 92' lang='lat' dir='ltr'>in</span> <span class='ocrx_word' id='word_1_7' title='bbox 2643 563 2973 632; x_wconf 85' lang='lat' dir='ltr'>absentia</span> <span class='ocrx_word' id='word_1_8' title='bbox 3022 582 3136 649; x_wconf 83' lang='lat' dir='ltr'>pa-</span> 
     </span>
     <span class='ocr_line' id='line_1_3' title="bbox 682 670 3138 757; baseline 0 -19"><span class='ocrx_word' id='word_1_9' title='bbox 682 674 884 742; x_wconf 74' lang='lat' dir='ltr'>rochi</span> <span class='ocrx_word' id='word_1_10' title='bbox 938 682 1006 742; x_wconf 71' lang='lat' dir='ltr'>et</span> <span class='ocrx_word' id='word_1_11' title='bbox 1052 673 1393 757; x_wconf 82' lang='lat' dir='ltr'>testium3</span> <span class='ocrx_word' id='word_1_12' title='bbox 1444 691 1619 741; x_wconf 91' lang='lat' dir='ltr'>cum</span> <span class='ocrx_word' id='word_1_13' title='bbox 1672 672 1796 740; x_wconf 88' lang='lat' dir='ltr'>lex</span> <span class='ocrx_word' id='word_1_14' title='bbox 1841 671 2138 740; x_wconf 90' lang='lat' dir='ltr'>irritans</span> <span class='ocrx_word' id='word_1_15' title='bbox 2185 677 2436 738; x_wconf 92' lang='lat' dir='ltr'>actum</span> <span class='ocrx_word' id='word_1_16' title='bbox 2487 670 2836 757; x_wconf 77' lang='lat' dir='ltr'>aliquem,</span> <span class='ocrx_word' id='word_1_17' title='bbox 2872 670 3138 757; x_wconf 73' lang='lat' dir='ltr'>obliget</span> 
     </span>
     <span class='ocr_line' id='line_1_4' title="bbox 678 777 3129 866; baseline -0.001 -20"><span class='ocrx_word' id='word_1_18' title='bbox 678 778 894 846; x_wconf 72' lang='lat' dir='ltr'>etiarn</span> <span class='ocrx_word' id='word_1_19' title='bbox 950 782 1376 866; x_wconf 57' lang='lat' dir='ltr'>ignorantes</span> <span class='ocrx_word' id='word_1_20' title='bbox 1423 778 1671 866; x_wconf 91' lang='lat' dir='ltr'>quoad</span> <span class='ocrx_word' id='word_1_21' title='bbox 1724 778 2132 847; x_wconf 81' lang='lat' dir='ltr'>nullitatem</span> <span class='ocrx_word' id='word_1_22' title='bbox 2200 777 2434 864; x_wconf 89' lang='lat' dir='ltr'>ipsius</span> <span class='ocrx_word' id='word_1_23' title='bbox 2481 782 2727 862; x_wconf 80' lang='lat' dir='ltr'>actuS,</span> <span class='ocrx_word' id='word_1_24' title='bbox 2782 778 2943 846; x_wconf 88' lang='lat' dir='ltr'>licet</span> <span class='ocrx_word' id='word_1_25' title='bbox 3000 795 3129 845; x_wconf 88' lang='lat' dir='ltr'>eos</span> 
     </span>
     <span class='ocr_line' id='line_1_5' title="bbox 678 886 3129 976; baseline -0 -22"><span class='ocrx_word' id='word_1_26' title='bbox 678 906 826 954; x_wconf 73' lang='lat' dir='ltr'>nun</span> <span class='ocrx_word' id='word_1_27' title='bbox 878 889 1143 958; x_wconf 76' lang='lat' dir='ltr'>afficiat</span> <span class='ocrx_word' id='word_1_28' title='bbox 1188 889 1439 976; x_wconf 91' lang='lat' dir='ltr'>quoad</span> <span class='ocrx_word' id='word_1_29' title='bbox 1485 889 1670 958; x_wconf 87' lang='lat' dir='ltr'>alias</span> <span class='ocrx_word' id='word_1_30' title='bbox 1740 905 2025 974; x_wconf 90' lang='lat' dir='ltr'>poenas</span> <span class='ocrx_word' id='word_1_31' title='bbox 2094 887 2273 973; x_wconf 87' lang='lat' dir='ltr'>quia</span> <span class='ocrx_word' id='word_1_32' title='bbox 2331 886 2540 956; x_wconf 81' lang='lat' dir='ltr'>deest</span> <span class='ocrx_word' id='word_1_33' title='bbox 2596 886 2989 970; x_wconf 88' lang='lat' dir='ltr'>delictum;</span> <span class='ocrx_word' id='word_1_34' title='bbox 3059 893 3129 954; x_wconf 89' lang='lat' dir='ltr'>et</span> 
     </span>
     <span class='ocr_line' id='line_1_6' title="bbox 682 992 3131 1081; baseline -0.002 -19"><span class='ocrx_word' id='word_1_35' title='bbox 682 998 866 1062; x_wconf 72' lang='lat' dir='ltr'>linei:</span> <span class='ocrx_word' id='word_1_36' title='bbox 914 996 1210 1065; x_wconf 84' lang='lat' dir='ltr'>irritatio</span> <span class='ocrx_word' id='word_1_37' title='bbox 1273 1015 1422 1064; x_wconf 93' lang='lat' dir='ltr'>non</span> <span class='ocrx_word' id='word_1_38' title='bbox 1492 996 1561 1063; x_wconf 94' lang='lat' dir='ltr'>in</span> <span class='ocrx_word' id='word_1_39' title='bbox 1631 1013 1955 1081; x_wconf 91' lang='lat' dir='ltr'>poenam</span> <span class='ocrx_word' id='word_1_40' title='bbox 2015 992 2476 1062; x_wconf 82' lang='lat' dir='ltr'>clandestine</span> <span class='ocrx_word' id='word_1_41' title='bbox 2540 993 3131 1062; x_wconf 86' lang='lat' dir='ltr'>contrahentium</span> 
     </span>
     <span class='ocr_line' id='line_1_7' title="bbox 686 1099 3134 1190; baseline -0.001 -20"><span class='ocrx_word' id='word_1_42' title='bbox 686 1106 1104 1190; x_wconf 68' lang='lat' dir='ltr'>imponitur,</span> <span class='ocrx_word' id='word_1_43' title='bbox 1132 1105 1265 1172; x_wconf 91' lang='lat' dir='ltr'>sed</span> <span class='ocrx_word' id='word_1_44' title='bbox 1298 1104 1394 1172; x_wconf 81' lang='lat' dir='ltr'>ad</span> <span class='ocrx_word' id='word_1_45' title='bbox 1421 1103 1856 1173; x_wconf 82' lang='lat' dir='ltr'>detestanda</span> <span class='ocrx_word' id='word_1_46' title='bbox 1885 1121 1974 1171; x_wconf 91' lang='lat' dir='ltr'>ac</span> <span class='ocrx_word' id='word_1_47' title='bbox 2006 1100 2412 1171; x_wconf 89' lang='lat' dir='ltr'>avertenda</span> <span class='ocrx_word' id='word_1_48' title='bbox 2439 1102 2884 1190; x_wconf 82' lang='lat' dir='ltr'>gravissima</span> <span class='ocrx_word' id='word_1_49' title='bbox 2924 1099 3134 1177; x_wconf 81' lang='lat' dir='ltr'>mala,</span> 
     </span>
     <span class='ocr_line' id='line_1_8' title="bbox 682 1206 3135 1298; baseline -0.002 -20"><span class='ocrx_word' id='word_1_50' title='bbox 682 1234 874 1298; x_wconf 71' lang='lat' dir='ltr'>quaa</span> <span class='ocrx_word' id='word_1_51' title='bbox 926 1234 1018 1278; x_wconf 68' lang='lat' dir='ltr'>ax</span> <span class='ocrx_word' id='word_1_52' title='bbox 1070 1212 1549 1281; x_wconf 83' lang='lat' dir='ltr'>clandestinis</span> <span class='ocrx_word' id='word_1_53' title='bbox 1598 1209 1992 1279; x_wconf 83' lang='lat' dir='ltr'>connubiis</span> <span class='ocrx_word' id='word_1_54' title='bbox 2039 1210 2472 1278; x_wconf 88' lang='lat' dir='ltr'>oriebantur</span> <span class='ocrx_word' id='word_1_55' title='bbox 2522 1208 2889 1293; x_wconf 88' lang='lat' dir='ltr'>(Sanchez</span> <span class='ocrx_word' id='word_1_56' title='bbox 2936 1206 3047 1275; x_wconf 81' lang='lat' dir='ltr'>lib.</span> <span class='ocrx_word' id='word_1_57' title='bbox 3074 1210 3135 1276; x_wconf 90' lang='lat'>3.</span> 
     </span>
     <span class='ocr_line' id='line_1_9' title="bbox 682 1314 3130 1406; baseline -0.002 -20"><span class='ocrx_word' id='word_1_58' title='bbox 682 1318 866 1406; x_wconf 60' lang='lat' dir='ltr'>dian.</span> <span class='ocrx_word' id='word_1_59' title='bbox 910 1322 1010 1386; x_wconf 64' lang='grc' dir='ltr'>Π.</span> <span class='ocrx_word' id='word_1_60' title='bbox 1051 1336 1251 1385; x_wconf 72' lang='lat' dir='ltr'>num.</span> <span class='ocrx_word' id='word_1_61' title='bbox 1290 1319 1424 1402; x_wconf 88' lang='grc'><strong><em>10).</em></strong></span> <span class='ocrx_word' id='word_1_62' title='bbox 1475 1319 1722 1397; x_wconf 87' lang='lat' dir='ltr'>Quare</span> <span class='ocrx_word' id='word_1_63' title='bbox 1771 1317 1841 1384; x_wconf 92' lang='lat' dir='ltr'>in</span> <span class='ocrx_word' id='word_1_64' title='bbox 1879 1316 2204 1385; x_wconf 84' lang='lat' dir='ltr'>themate</span> <span class='ocrx_word' id='word_1_65' title='bbox 2238 1315 2443 1384; x_wconf 90' lang='lat' dir='ltr'>nullo</span> <span class='ocrx_word' id='word_1_66' title='bbox 2478 1321 2696 1402; x_wconf 85' lang='lat' dir='ltr'>pacto</span> <span class='ocrx_word' id='word_1_67' title='bbox 2742 1314 3130 1403; x_wconf 83' lang='lat' dir='ltr'>suffragari</span> 
     </span>
     <span class='ocr_line' id='line_1_10' title="bbox 686 1425 1587 1514; baseline -0.003 -20"><span class='ocrx_word' id='word_1_68' title='bbox 686 1434 922 1514; x_wconf 67' lang='lat' dir='ltr'>potest</span> <span class='ocrx_word' id='word_1_69' title='bbox 974 1425 1101 1492; x_wconf 65' lang='lat' dir='ltr'>viri</span> <span class='ocrx_word' id='word_1_70' title='bbox 1152 1425 1587 1513; x_wconf 83' lang='lat' dir='ltr'>ignorantia.</span> 
     </span>
    </p>
   </div>
   <div class='ocr_carea' id='block_1_3' title="bbox 1288 1654 2528 1740">
    <p class='ocr_par' dir='ltr' id='par_1_3' title="bbox 1288 1654 2528 1740">
     <span class='ocr_line' id='line_1_11' title="bbox 1288 1654 2528 1740; baseline 0.003 -23"><span class='ocrx_word' id='word_1_71' title='bbox 1288 1659 1357 1738; x_wconf 83' lang='lat' dir='ltr'>a)</span> <span class='ocrx_word' id='word_1_72' title='bbox 1404 1657 1490 1723; x_wconf 82' lang='lat' dir='ltr'>De</span> <span class='ocrx_word' id='word_1_73' title='bbox 1536 1656 1836 1724; x_wconf 79' lang='lat' dir='ltr'>domicilio</span> <span class='ocrx_word' id='word_1_74' title='bbox 1881 1662 1946 1723; x_wconf 82' lang='lat' dir='ltr'>et</span> <span class='ocrx_word' id='word_1_75' title='bbox 1991 1654 2528 1740; x_wconf 78' lang='lat' dir='ltr'>quasi-domicilio.</span> 
     </span>
    </p>
   </div>
   <div class='ocr_carea' id='block_1_4' title="bbox 682 1848 3208 4621">
    <p class='ocr_par' dir='ltr' id='par_1_4' title="bbox 682 1848 3208 4621">
     <span class='ocr_line' id='line_1_12' title="bbox 814 1848 3130 1938; baseline -0.003 -16"><span class='ocrx_word' id='word_1_76' title='bbox 814 1858 922 1922; x_wconf 64' lang='lat'>25.</span> <span class='ocrx_word' id='word_1_77' title='bbox 974 1857 1065 1921; x_wconf 64' lang='lat' dir='ltr'>At</span> <span class='ocrx_word' id='word_1_78' title='bbox 1115 1870 1291 1920; x_wconf 89' lang='lat' dir='ltr'>vero</span> <span class='ocrx_word' id='word_1_79' title='bbox 1338 1850 1689 1938; x_wconf 90' lang='lat' dir='ltr'>quamvis</span> <span class='ocrx_word' id='word_1_80' title='bbox 1735 1869 1954 1920; x_wconf 88' lang='lat' dir='ltr'>sacra</span> <span class='ocrx_word' id='word_1_81' title='bbox 2004 1850 2359 1936; x_wconf 83' lang='lat' dir='ltr'>Synodus</span> <span class='ocrx_word' id='word_1_82' title='bbox 2408 1868 2496 1918; x_wconf 92' lang='lat' dir='ltr'>eo</span> <span class='ocrx_word' id='word_1_83' title='bbox 2546 1848 2847 1917; x_wconf 89' lang='lat' dir='ltr'>decreto</span> <span class='ocrx_word' id='word_1_84' title='bbox 2880 1866 3130 1915; x_wconf 84' lang='lat' dir='ltr'>sanxe-</span> 
     </span>
     <span class='ocr_line' id='line_1_13' title="bbox 686 1951 3131 2043; baseline -0.002 -17"><span class='ocrx_word' id='word_1_85' title='bbox 686 1962 790 2042; x_wconf 66' lang='lat' dir='ltr'>rit,</span> <span class='ocrx_word' id='word_1_86' title='bbox 844 1958 1394 2030; x_wconf 68' lang='lat' dir='ltr'>matrimonium</span> <span class='ocrx_word' id='word_1_87' title='bbox 1447 1958 1741 2025; x_wconf 87' lang='lat' dir='ltr'>nonnisi</span> <span class='ocrx_word' id='word_1_88' title='bbox 1790 1975 2047 2026; x_wconf 89' lang='lat' dir='ltr'>coram</span> <span class='ocrx_word' id='word_1_89' title='bbox 2084 1956 2416 2043; x_wconf 91' lang='lat' dir='ltr'>parocho</span> <span class='ocrx_word' id='word_1_90' title='bbox 2451 1965 2523 2024; x_wconf 86' lang='lat' dir='ltr'>et</span> <span class='ocrx_word' id='word_1_91' title='bbox 2554 1955 2869 2024; x_wconf 87' lang='lat' dir='ltr'>testibus</span> <span class='ocrx_word' id='word_1_92' title='bbox 2904 1951 3131 2022; x_wconf 69' lang='lat' dir='ltr'>aalide</span> 
     </span>
     <span class='ocr_line' id='line_1_14' title="bbox 682 2061 3208 2152; baseline -0.003 -18"><span class='ocrx_word' id='word_1_93' title='bbox 682 2070 1058 2151; x_wconf 67' lang='lat' dir='ltr'>cuntrahi;</span> <span class='ocrx_word' id='word_1_94' title='bbox 1110 2067 1459 2152; x_wconf 89' lang='lat' dir='ltr'>quamvis</span> <span class='ocrx_word' id='word_1_95' title='bbox 1506 2066 1706 2134; x_wconf 89' lang='lat' dir='ltr'>clare</span> <span class='ocrx_word' id='word_1_96' title='bbox 1753 2065 2084 2150; x_wconf 75' lang='lat' dir='ltr'>edixerit,</span> <span class='ocrx_word' id='word_1_97' title='bbox 2124 2064 2540 2150; x_wconf 85' lang='lat' dir='ltr'>parochum</span> <span class='ocrx_word' id='word_1_98' title='bbox 2576 2062 2783 2130; x_wconf 92' lang='lat' dir='ltr'>illum</span> <span class='ocrx_word' id='word_1_99' title='bbox 2821 2080 2994 2131; x_wconf 88' lang='lat' dir='ltr'>esse</span> <span class='ocrx_word' id='word_1_100' title='bbox 3020 2061 3134 2128; x_wconf 83' lang='lat' dir='ltr'>de·</span> <span class='ocrx_word' id='word_1_101' title='bbox 3201 2085 3208 2095; x_wconf 90' lang='lat'><strong>·</strong></span> 
     </span>
     <span class='ocr_line' id='line_1_15' title="bbox 686 2164 3129 2257; baseline -0.002 -15"><span class='ocrx_word' id='word_1_102' title='bbox 686 2178 902 2250; x_wconf 65' lang='lat' dir='ltr'>here,</span> <span class='ocrx_word' id='word_1_103' title='bbox 950 2178 1069 2242; x_wconf 71' lang='lat' dir='ltr'>cui</span> <span class='ocrx_word' id='word_1_104' title='bbox 1138 2173 1629 2242; x_wconf 86' lang='lat' dir='ltr'>subiiciuntur</span> <span class='ocrx_word' id='word_1_105' title='bbox 1699 2173 2260 2242; x_wconf 73' lang='lat' dir='ltr'>contrahentes:</span> <span class='ocrx_word' id='word_1_106' title='bbox 2333 2177 2584 2241; x_wconf 90' lang='lat' dir='ltr'>tamen</span> <span class='ocrx_word' id='word_1_107' title='bbox 2655 2164 3006 2257; x_wconf 79' lang='lat' dir='ltr'>quisnam</span> <span class='ocrx_word' id='word_1_108' title='bbox 3068 2172 3129 2238; x_wconf 88' lang='lat' dir='ltr'>in</span> 
     </span>
     <span class='ocr_line' id='line_1_16' title="bbox 682 2279 3129 2370; baseline -0.002 -20"><span class='ocrx_word' id='word_1_109' title='bbox 682 2286 930 2370; x_wconf 70' lang='lat' dir='ltr'>spei-..ie</span> <span class='ocrx_word' id='word_1_110' title='bbox 978 2282 1340 2351; x_wconf 74' lang='lat' dir='ltr'>dicendus</span> <span class='ocrx_word' id='word_1_111' title='bbox 1388 2282 1479 2350; x_wconf 90' lang='lat' dir='ltr'>sit</span> <span class='ocrx_word' id='word_1_112' title='bbox 1521 2279 1887 2370; x_wconf 66' lang='lat' dir='ltr'>proprius</span> <span class='ocrx_word' id='word_1_113' title='bbox 1936 2280 2532 2351; x_wconf 87' lang='lat' dir='ltr'>contrahentium</span> <span class='ocrx_word' id='word_1_114' title='bbox 2571 2279 2972 2365; x_wconf 79' lang='lat' dir='ltr'>parochuS,</span> <span class='ocrx_word' id='word_1_115' title='bbox 3005 2298 3129 2347; x_wconf 89' lang='lat' dir='ltr'>seu</span> 
     </span>
     <span class='ocr_line' id='line_1_17' title="bbox 682 2386 3136 2472; baseline 0 -18"><span class='ocrx_word' id='word_1_116' title='bbox 682 2394 798 2458; x_wconf 63' lang='lat' dir='ltr'>uui</span> <span class='ocrx_word' id='word_1_117' title='bbox 854 2390 1260 2458; x_wconf 78' lang='lat' dir='ltr'>istiusmodi</span> <span class='ocrx_word' id='word_1_118' title='bbox 1314 2389 1843 2472; x_wconf 84' lang='lat' dir='ltr'>subiiciantur,</span> <span class='ocrx_word' id='word_1_119' title='bbox 1896 2389 2199 2456; x_wconf 91' lang='lat' dir='ltr'>minime</span> <span class='ocrx_word' id='word_1_120' title='bbox 2268 2386 2713 2470; x_wconf 88' lang='lat' dir='ltr'>declaravit,</span> <span class='ocrx_word' id='word_1_121' title='bbox 2767 2387 2869 2456; x_wconf 90' lang='lat' dir='ltr'>uti</span> <span class='ocrx_word' id='word_1_122' title='bbox 2942 2393 3136 2455; x_wconf 88' lang='lat' dir='ltr'>notat</span> 
     </span>
     <span class='ocr_line' id='line_1_18' title="bbox 686 2493 3130 2580; baseline -0.003 -14"><span class='ocrx_word' id='word_1_123' title='bbox 686 2498 1047 2566; x_wconf 68' lang='lat' dir='ltr'>Benedici.</span> <span class='ocrx_word' id='word_1_124' title='bbox 1096 2497 1273 2564; x_wconf 90' lang='lat' dir='ltr'>XIV</span> <span class='ocrx_word' id='word_1_125' title='bbox 1320 2495 1529 2580; x_wconf 75' lang='lat' dir='ltr'>(Insl.</span> <span class='ocrx_word' id='word_1_126' title='bbox 1583 2494 1770 2564; x_wconf 83' lang='lat' dir='ltr'>Eccl.</span> <span class='ocrx_word' id='word_1_127' title='bbox 1804 2497 1910 2565; x_wconf 82' lang='lat'>33.</span> <span class='ocrx_word' id='word_1_128' title='bbox 1963 2515 2031 2562; x_wconf 88' lang='lat' dir='ltr'>n.</span> <span class='ocrx_word' id='word_1_129' title='bbox 2065 2495 2155 2579; x_wconf 89' lang='lat'>3).</span> <span class='ocrx_word' id='word_1_130' title='bbox 2207 2495 2393 2562; x_wconf 92' lang='lat' dir='ltr'>Hinc</span> <span class='ocrx_word' id='word_1_131' title='bbox 2441 2494 2512 2563; x_wconf 88' lang='lat' dir='ltr'>S.</span> <span class='ocrx_word' id='word_1_132' title='bbox 2548 2495 2636 2561; x_wconf 89' lang='lat' dir='ltr'>H.</span> <span class='ocrx_word' id='word_1_133' title='bbox 2672 2493 2745 2561; x_wconf 92' lang='lat' dir='ltr'>C.</span> <span class='ocrx_word' id='word_1_134' title='bbox 2795 2494 2893 2562; x_wconf 85' lang='lat' dir='ltr'>ab</span> <span class='ocrx_word' id='word_1_135' title='bbox 2941 2493 3130 2564; x_wconf 91' lang='lat' dir='ltr'>ahno</span> 
     </span>
     <span class='ocr_line' id='line_1_19' title="bbox 686 2600 3133 2690; baseline -0.002 -16"><span class='ocrx_word' id='word_1_136' title='bbox 686 2610 854 2674; x_wconf 61' lang='lat'>15:³3</span> <span class='ocrx_word' id='word_1_137' title='bbox 910 2606 1100 2674; x_wconf 79' lang='lat' dir='ltr'>hanc</span> <span class='ocrx_word' id='word_1_138' title='bbox 1145 2604 1428 2673; x_wconf 90' lang='lat' dir='ltr'>diluere</span> <span class='ocrx_word' id='word_1_139' title='bbox 1474 2604 1717 2689; x_wconf 87' lang='lat' dir='ltr'>coepit</span> <span class='ocrx_word' id='word_1_140' title='bbox 1762 2603 2284 2690; x_wconf 83' lang='lat' dir='ltr'>quaest-ionem</span> <span class='ocrx_word' id='word_1_141' title='bbox 2331 2601 2425 2670; x_wconf 92' lang='lat' dir='ltr'>de</span> <span class='ocrx_word' id='word_1_142' title='bbox 2469 2600 2789 2689; x_wconf 69' lang='lat' dir='ltr'>proprio</span> <span class='ocrx_word' id='word_1_143' title='bbox 2860 2606 3133 2669; x_wconf 83' lang='lat' dir='ltr'>contra·</span> 
     </span>
     <span class='ocr_line' id='line_1_20' title="bbox 686 2709 3130 2798; baseline -0.001 -20"><span class='ocrx_word' id='word_1_144' title='bbox 686 2714 1014 2778; x_wconf 63' lang='lat' dir='ltr'>hiantium</span> <span class='ocrx_word' id='word_1_145' title='bbox 1089 2712 1462 2798; x_wconf 85' lang='lat' dir='ltr'>parocho,</span> <span class='ocrx_word' id='word_1_146' title='bbox 1511 2715 1885 2779; x_wconf 87' lang='lat' dir='ltr'>statuens:</span> <span class='ocrx_word' id='word_1_147' title='bbox 1963 2731 1999 2772; x_wconf 85' lang='lat'>‹&lt;</span> <span class='ocrx_word' id='word_1_148' title='bbox 2033 2710 2128 2778; x_wconf 89' lang='lat' dir='ltr'>ad</span> <span class='ocrx_word' id='word_1_149' title='bbox 2183 2709 2628 2778; x_wconf 87' lang='lat' dir='ltr'>validitatem</span> <span class='ocrx_word' id='word_1_150' title='bbox 2694 2711 3130 2779; x_wconf 83' lang='lat' dir='ltr'>matrimonii</span> 
     </span>
     <span class='ocr_line' id='line_1_21' title="bbox 686 2813 3133 2906; baseline -0 -20"><span class='ocrx_word' id='word_1_151' title='bbox 686 2822 1031 2890; x_wconf 61' lang='lat' dir='ltr'>sufficere</span> <span class='ocrx_word' id='word_1_152' title='bbox 1080 2821 1576 2905; x_wconf 84' lang='lat' dir='ltr'>praesentiam</span> <span class='ocrx_word' id='word_1_153' title='bbox 1628 2818 1863 2886; x_wconf 91' lang='lat' dir='ltr'>solius</span> <span class='ocrx_word' id='word_1_154' title='bbox 1913 2817 2217 2903; x_wconf 86' lang='lat' dir='ltr'>parochi</span> <span class='ocrx_word' id='word_1_155' title='bbox 2277 2813 2578 2906; x_wconf 67' lang='lat' dir='ltr'>proprii</span> <span class='ocrx_word' id='word_1_156' title='bbox 2622 2836 2947 2906; x_wconf 79' lang='lat' dir='ltr'>sponsae</span> <span class='ocrx_word' id='word_1_157' title='bbox 3015 2824 3133 2887; x_wconf 87' lang='lat' dir='ltr'>aut</span> 
     </span>
     <span class='ocr_line' id='line_1_22' title="bbox 686 2924 3129 3014; baseline 0.001 -24"><span class='ocrx_word' id='word_1_158' title='bbox 686 2926 938 3014; x_wconf 62' lang='lat' dir='ltr'>apansa?</span> <span class='ocrx_word' id='word_1_159' title='bbox 974 2950 1006 2990; x_wconf 56' lang='lat' dir='ltr'>a</span> <span class='ocrx_word' id='word_1_160' title='bbox 1057 2926 1705 3013; x_wconf 84' lang='lat' dir='ltr'>quemadmodum</span> <span class='ocrx_word' id='word_1_161' title='bbox 1759 2924 1980 2995; x_wconf 87' lang='lat' dir='ltr'>refert</span> <span class='ocrx_word' id='word_1_162' title='bbox 2026 2925 2220 2994; x_wconf 92' lang='lat' dir='ltr'>idem</span> <span class='ocrx_word' id='word_1_163' title='bbox 2274 2925 2719 2994; x_wconf 90' lang='lat' dir='ltr'>Benedictus</span> <span class='ocrx_word' id='word_1_164' title='bbox 2768 2925 2836 3010; x_wconf 92' lang='lat' dir='ltr'>(l.</span> <span class='ocrx_word' id='word_1_165' title='bbox 2867 2945 2930 2995; x_wconf 90' lang='lat' dir='ltr'>c.</span> <span class='ocrx_word' id='word_1_166' title='bbox 2962 2926 3129 3012; x_wconf 49' lang='lat' dir='ltr'>n25).</span> 
     </span>
     <span class='ocr_line' id='line_1_23' title="bbox 686 3032 3128 3125; baseline -0.002 -23"><span class='ocrx_word' id='word_1_167' title='bbox 686 3038 770 3102; x_wconf 85' lang='lat' dir='ltr'>Et</span> <span class='ocrx_word' id='word_1_168' title='bbox 822 3034 886 3102; x_wconf 80' lang='lat' dir='ltr'>iil</span> <span class='ocrx_word' id='word_1_169' title='bbox 938 3035 1284 3122; x_wconf 76' lang='lat' dir='ltr'>quamvis</span> <span class='ocrx_word' id='word_1_170' title='bbox 1333 3034 1816 3103; x_wconf 86' lang='lat' dir='ltr'>contrahatur</span> <span class='ocrx_word' id='word_1_171' title='bbox 1860 3032 2423 3101; x_wconf 91' lang='lat' dir='ltr'>matrimonium</span> <span class='ocrx_word' id='word_1_172' title='bbox 2457 3038 2676 3101; x_wconf 76' lang='lat' dir='ltr'>extra</span> <span class='ocrx_word' id='word_1_173' title='bbox 2708 3034 3128 3125; x_wconf 76' lang='lat' dir='ltr'>parochiam</span> 
     </span>
     <span class='ocr_line' id='line_1_24' title="bbox 686 3138 3132 3226; baseline -0.001 -16"><span class='ocrx_word' id='word_1_174' title='bbox 686 3142 986 3226; x_wconf 71' lang='lat' dir='ltr'>parochi</span> <span class='ocrx_word' id='word_1_175' title='bbox 1035 3141 1470 3226; x_wconf 78' lang='lat' dir='ltr'>assistentiS,</span> <span class='ocrx_word' id='word_1_176' title='bbox 1527 3146 1603 3208; x_wconf 91' lang='lat' dir='ltr'>ut</span> <span class='ocrx_word' id='word_1_177' title='bbox 1650 3141 1917 3209; x_wconf 89' lang='lat' dir='ltr'>eadem</span> <span class='ocrx_word' id='word_1_178' title='bbox 1969 3138 2041 3208; x_wconf 87' lang='lat' dir='ltr'>S.</span> <span class='ocrx_word' id='word_1_179' title='bbox 2083 3139 2155 3207; x_wconf 90' lang='lat' dir='ltr'>C.</span> <span class='ocrx_word' id='word_1_180' title='bbox 2204 3139 2481 3209; x_wconf 91' lang='lat' dir='ltr'>clarius</span> <span class='ocrx_word' id='word_1_181' title='bbox 2528 3139 2600 3207; x_wconf 90' lang='lat' dir='ltr'>in</span> <span class='ocrx_word' id='word_1_182' title='bbox 2653 3139 2812 3208; x_wconf 90' lang='lat' dir='ltr'>aliis</span> <span class='ocrx_word' id='word_1_183' title='bbox 2846 3140 3132 3209; x_wconf 79' lang='lat' dir='ltr'>decisio·</span> 
     </span>
     <span class='ocr_line' id='line_1_25' title="bbox 686 3245 3125 3335; baseline 0.001 -21"><span class='ocrx_word' id='word_1_184' title='bbox 686 3250 906 3314; x_wconf 9' lang='lat' dir='ltr'>nibisis</span> <span class='ocrx_word' id='word_1_185' title='bbox 954 3249 1259 3334; x_wconf 68' lang='lat' dir='ltr'>censuit,</span> <span class='ocrx_word' id='word_1_186' title='bbox 1310 3252 1494 3317; x_wconf 90' lang='lat' dir='ltr'>teste</span> <span class='ocrx_word' id='word_1_187' title='bbox 1543 3249 1873 3316; x_wconf 84' lang='lat' dir='ltr'>Barbosa</span> <span class='ocrx_word' id='word_1_188' title='bbox 1949 3246 2092 3331; x_wconf 84' lang='lat' dir='ltr'>(De</span> <span class='ocrx_word' id='word_1_189' title='bbox 2141 3245 2339 3335; x_wconf 77' lang='lat' dir='ltr'>offic.</span> <span class='ocrx_word' id='word_1_190' title='bbox 2375 3251 2447 3314; x_wconf 77' lang='lat' dir='ltr'>et</span> <span class='ocrx_word' id='word_1_191' title='bbox 2475 3251 2744 3335; x_wconf 75' lang='lat' dir='ltr'>potest.</span> <span class='ocrx_word' id='word_1_192' title='bbox 2789 3247 3125 3335; x_wconf 67' lang='lat' dir='ltr'>parochi,</span> 
     </span>
     <span class='ocr_line' id='line_1_26' title="bbox 682 3344 3128 3442; baseline -0 -20"><span class='ocrx_word' id='word_1_193' title='bbox 682 3362 886 3442; x_wconf 61' lang='lat' dir='ltr'>pari.</span> <span class='ocrx_word' id='word_1_194' title='bbox 922 3362 986 3422; x_wconf 58' lang='lat'>3.</span> <span class='ocrx_word' id='word_1_195' title='bbox 1035 3374 1093 3422; x_wconf 83' lang='lat' dir='ltr'>c.</span> <span class='ocrx_word' id='word_1_196' title='bbox 1126 3356 1241 3421; x_wconf 73' lang='lat'>21.</span> <span class='ocrx_word' id='word_1_197' title='bbox 1288 3373 1359 3422; x_wconf 85' lang='lat' dir='ltr'>n.</span> <span class='ocrx_word' id='word_1_198' title='bbox 1397 3356 1541 3439; x_wconf 77' lang='lat'><em>45).</em></span> <span class='ocrx_word' id='word_1_199' title='bbox 1592 3355 1769 3422; x_wconf 89' lang='lat' dir='ltr'>Post</span> <span class='ocrx_word' id='word_1_200' title='bbox 1815 3353 1989 3422; x_wconf 86' lang='lat' dir='ltr'>illud</span> <span class='ocrx_word' id='word_1_201' title='bbox 2042 3361 2292 3423; x_wconf 85' lang='lat' dir='ltr'>autem</span> <span class='ocrx_word' id='word_1_202' title='bbox 2344 3353 2729 3422; x_wconf 86' lang='lat' dir='ltr'>decretum</span> <span class='ocrx_word' id='word_1_203' title='bbox 2778 3373 2897 3423; x_wconf 89' lang='lat' dir='ltr'>an.</span> <span class='ocrx_word' id='word_1_204' title='bbox 2949 3344 3128 3435; x_wconf 83' lang='lat'>1573,</span> 
     </span>
     <span class='ocr_line' id='line_1_27' title="bbox 686 3456 3133 3547; baseline 0 -21"><span class='ocrx_word' id='word_1_205' title='bbox 686 3462 754 3526; x_wconf 85' lang='lat' dir='ltr'>in</span> <span class='ocrx_word' id='word_1_206' title='bbox 810 3462 966 3526; x_wconf 72' lang='lat' dir='ltr'>suis</span> <span class='ocrx_word' id='word_1_207' title='bbox 1014 3460 1163 3530; x_wconf 79' lang='lat' dir='ltr'>fere</span> <span class='ocrx_word' id='word_1_208' title='bbox 1213 3461 1623 3529; x_wconf 90' lang='lat' dir='ltr'>innumeris</span> <span class='ocrx_word' id='word_1_209' title='bbox 1671 3461 2177 3530; x_wconf 88' lang='lat' dir='ltr'>decisionibus</span> <span class='ocrx_word' id='word_1_210' title='bbox 2225 3460 2319 3529; x_wconf 93' lang='lat' dir='ltr'>ad</span> <span class='ocrx_word' id='word_1_211' title='bbox 2370 3456 2763 3547; x_wconf 86' lang='lat' dir='ltr'>proposita</span> <span class='ocrx_word' id='word_1_212' title='bbox 2823 3461 3133 3530; x_wconf 76' lang='lat' dir='ltr'>diveisa-</span> 
     </span>
     <span class='ocr_line' id='line_1_28' title="bbox 690 3567 3128 3655; baseline 0 -21"><span class='ocrx_word' id='word_1_213' title='bbox 690 3590 854 3634; x_wconf 75' lang='lat' dir='ltr'>rum</span> <span class='ocrx_word' id='word_1_214' title='bbox 910 3586 1310 3636; x_wconf 65' lang='lat' dir='ltr'>causarum</span> <span class='ocrx_word' id='word_1_215' title='bbox 1364 3568 1611 3652; x_wconf 82' lang='lat' dir='ltr'>dubia,</span> <span class='ocrx_word' id='word_1_216' title='bbox 1662 3568 1938 3636; x_wconf 84' lang='lat' dir='ltr'>clarius</span> <span class='ocrx_word' id='word_1_217' title='bbox 1984 3567 2235 3636; x_wconf 86' lang='lat' dir='ltr'>docuit</span> <span class='ocrx_word' id='word_1_218' title='bbox 2280 3573 2862 3655; x_wconf 81' lang='lat' dir='ltr'>constanterque</span> <span class='ocrx_word' id='word_1_219' title='bbox 2898 3569 3128 3650; x_wconf 77' lang='lat' dir='ltr'>tenuit,</span> 
     </span>
     <span class='ocr_line' id='line_1_29' title="bbox 682 3673 3128 3764; baseline 0 -22"><span class='ocrx_word' id='word_1_220' title='bbox 682 3674 1080 3762; x_wconf 56' lang='lat' dir='ltr'>propriam.</span> <span class='ocrx_word' id='word_1_221' title='bbox 1115 3693 1283 3742; x_wconf 77' lang='lat' dir='ltr'>eum</span> <span class='ocrx_word' id='word_1_222' title='bbox 1311 3675 1732 3762; x_wconf 64' lang='lat' dir='ltr'>parochiam</span> <span class='ocrx_word' id='word_1_223' title='bbox 1769 3673 2391 3763; x_wconf 73' lang='lat' dir='ltr'>nuncupandam,</span> <span class='ocrx_word' id='word_1_224' title='bbox 2431 3675 2507 3742; x_wconf 78' lang='lat' dir='ltr'>in</span> <span class='ocrx_word' id='word_1_225' title='bbox 2539 3674 2749 3744; x_wconf 79' lang='lat' dir='ltr'>caius</span> <span class='ocrx_word' id='word_1_226' title='bbox 2778 3677 3128 3764; x_wconf 65' lang='lat' dir='ltr'>parochia</span> 
     </span>
     <span class='ocr_line' id='line_1_30' title="bbox 686 3776 3131 3869; baseline -0.001 -19"><span class='ocrx_word' id='word_1_227' title='bbox 686 3782 1132 3850; x_wconf 67' lang='lat' dir='ltr'>dasiii‘aiiiscm</span> <span class='ocrx_word' id='word_1_228' title='bbox 1176 3776 1507 3869; x_wconf 66' lang='lat' dir='ltr'>positum</span> <span class='ocrx_word' id='word_1_229' title='bbox 1553 3779 1903 3865; x_wconf 65' lang='lat' dir='ltr'>liabetur,</span> <span class='ocrx_word' id='word_1_230' title='bbox 1962 3791 2041 3850; x_wconf 91' lang='lat' dir='ltr'>ut</span> <span class='ocrx_word' id='word_1_231' title='bbox 2086 3780 2282 3849; x_wconf 89' lang='lat' dir='ltr'>idem</span> <span class='ocrx_word' id='word_1_232' title='bbox 2319 3788 2629 3851; x_wconf 83' lang='lat' dir='ltr'>testatur</span> <span class='ocrx_word' id='word_1_233' title='bbox 2661 3785 2933 3853; x_wconf 91' lang='lat' dir='ltr'>Bened.</span> <span class='ocrx_word' id='word_1_234' title='bbox 2966 3783 3131 3852; x_wconf 88' lang='lat' dir='ltr'>XlV</span> 
     </span>
     <span class='ocr_line' id='line_1_31' title="bbox 686 3888 3131 3981; baseline 0.002 -27"><span class='ocrx_word' id='word_1_235' title='bbox 686 3890 754 3966; x_wconf 72' lang='lat' dir='ltr'>ll.</span> <span class='ocrx_word' id='word_1_236' title='bbox 790 3910 850 3954; x_wconf 74' lang='lat' dir='ltr'>c.</span> <span class='ocrx_word' id='word_1_237' title='bbox 902 3910 966 3954; x_wconf 73' lang='grc' dir='ltr'>η.</span> <span class='ocrx_word' id='word_1_238' title='bbox 1010 3890 1095 3974; x_wconf 76' lang='lat'>6),</span> <span class='ocrx_word' id='word_1_239' title='bbox 1147 3908 1297 3961; x_wconf 87' lang='lat' dir='ltr'>non</span> <span class='ocrx_word' id='word_1_240' title='bbox 1346 3908 1526 3957; x_wconf 92' lang='lat' dir='ltr'>vero</span> <span class='ocrx_word' id='word_1_241' title='bbox 1576 3888 1782 3957; x_wconf 90' lang='lat' dir='ltr'>illum</span> <span class='ocrx_word' id='word_1_242' title='bbox 1820 3889 1891 3956; x_wconf 87' lang='lat' dir='ltr'>in</span> <span class='ocrx_word' id='word_1_243' title='bbox 1925 3890 2147 3959; x_wconf 88' lang='lat' dir='ltr'>cuius</span> <span class='ocrx_word' id='word_1_244' title='bbox 2179 3891 2530 3975; x_wconf 81' lang='lat' dir='ltr'>parochia</span> <span class='ocrx_word' id='word_1_245' title='bbox 2571 3892 2739 3980; x_wconf 91' lang='lat' dir='ltr'>quis</span> <span class='ocrx_word' id='word_1_246' title='bbox 2775 3891 2968 3961; x_wconf 74' lang='lat' dir='ltr'>uitae</span> <span class='ocrx_word' id='word_1_247' title='bbox 2997 3890 3131 3981; x_wconf 72' lang='lat' dir='ltr'>pri-</span> 
     </span>
     <span class='ocr_line' id='line_1_32' title="bbox 686 3990 3124 4089; baseline 0.002 -31"><span class='ocrx_word' id='word_1_248' title='bbox 686 3994 982 4062; x_wconf 62' lang='lat' dir='ltr'>mas—*siin</span> <span class='ocrx_word' id='word_1_249' title='bbox 1031 3993 1381 4084; x_wconf 72' lang='lat' dir='ltr'>suscepit,</span> <span class='ocrx_word' id='word_1_250' title='bbox 1436 4014 1574 4064; x_wconf 92' lang='lat' dir='ltr'>seu</span> <span class='ocrx_word' id='word_1_251' title='bbox 1627 3996 2012 4082; x_wconf 88' lang='lat' dir='ltr'>proprium</span> <span class='ocrx_word' id='word_1_252' title='bbox 2065 4016 2236 4066; x_wconf 90' lang='lat' dir='ltr'>esse</span> <span class='ocrx_word' id='word_1_253' title='bbox 2286 3998 2703 4083; x_wconf 88' lang='lat' dir='ltr'>parochum</span> <span class='ocrx_word' id='word_1_254' title='bbox 2763 3990 3124 4089; x_wconf 74' lang='lat' dir='ltr'>domicilii,</span> 
     </span>
     <span class='ocr_line' id='line_1_33' title="bbox 688 4100 3130 4193; baseline 0.001 -23"><span class='ocrx_word' id='word_1_255' title='bbox 688 4122 834 4170; x_wconf 72' lang='lat' dir='ltr'>nan</span> <span class='ocrx_word' id='word_1_256' title='bbox 886 4100 1214 4190; x_wconf 58' lang='lat' dir='ltr'>arigyinis,</span> <span class='ocrx_word' id='word_1_257' title='bbox 1270 4103 1471 4191; x_wconf 94' lang='lat' dir='ltr'>quod</span> <span class='ocrx_word' id='word_1_258' title='bbox 1523 4122 1622 4172; x_wconf 86' lang='lat' dir='ltr'>ex</span> <span class='ocrx_word' id='word_1_259' title='bbox 1670 4103 1852 4190; x_wconf 87' lang='lat' dir='ltr'>ipsis</span> <span class='ocrx_word' id='word_1_260' title='bbox 1899 4104 2300 4173; x_wconf 89' lang='lat' dir='ltr'>Tridentini</span> <span class='ocrx_word' id='word_1_261' title='bbox 2361 4106 2604 4173; x_wconf 88' lang='lat' dir='ltr'>verbis</span> <span class='ocrx_word' id='word_1_262' title='bbox 2651 4107 2833 4175; x_wconf 87' lang='lat' dir='ltr'>satis</span> <span class='ocrx_word' id='word_1_263' title='bbox 2892 4113 3130 4193; x_wconf 73' lang='lat' dir='ltr'>aperte</span> 
     </span>
     <span class='ocr_line' id='line_1_34' title="bbox 690 4197 3131 4299; baseline -0.001 -21"><span class='ocrx_word' id='word_1_264' title='bbox 690 4208 1287 4294; x_wconf 62' lang='lat' dir='ltr'>deprehanditur.</span> <span class='ocrx_word' id='word_1_265' title='bbox 1361 4211 1464 4278; x_wconf 91' lang='lat' dir='ltr'>Eo</span> <span class='ocrx_word' id='word_1_266' title='bbox 1518 4210 1630 4278; x_wconf 90' lang='lat' dir='ltr'>vel</span> <span class='ocrx_word' id='word_1_267' title='bbox 1694 4212 1937 4299; x_wconf 83' lang='lat' dir='ltr'>magis</span> <span class='ocrx_word' id='word_1_268' title='bbox 1998 4212 2170 4298; x_wconf 88' lang='lat' dir='ltr'>quia</span> <span class='ocrx_word' id='word_1_269' title='bbox 2239 4230 2477 4298; x_wconf 92' lang='lat' dir='ltr'>quum</span> <span class='ocrx_word' id='word_1_270' title='bbox 2550 4212 2969 4298; x_wconf 87' lang='lat' dir='ltr'>parochum</span> <span class='ocrx_word' id='word_1_271' title='bbox 3029 4197 3131 4277; x_wconf 89' lang='lat' dir='ltr'>vel</span> 
     </span>
     <span class='ocr_line' id='line_1_35' title="bbox 690 4316 3129 4407; baseline -0 -21"><span class='ocrx_word' id='word_1_272' title='bbox 690 4318 1140 4406; x_wconf 65' lang='lat' dir='ltr'>Episcopum</span> <span class='ocrx_word' id='word_1_273' title='bbox 1192 4319 1410 4386; x_wconf 90' lang='lat' dir='ltr'>etiam</span> <span class='ocrx_word' id='word_1_274' title='bbox 1460 4316 1767 4406; x_wconf 63' lang='lat' dir='ltr'>originis</span> <span class='ocrx_word' id='word_1_275' title='bbox 1814 4337 2147 4389; x_wconf 87' lang='lat' dir='ltr'>canones</span> <span class='ocrx_word' id='word_1_276' title='bbox 2194 4321 2587 4407; x_wconf 89' lang='lat' dir='ltr'>complecti</span> <span class='ocrx_word' id='word_1_277' title='bbox 2623 4320 3032 4404; x_wconf 83' lang='lat' dir='ltr'>voluerunt,</span> <span class='ocrx_word' id='word_1_278' title='bbox 3066 4317 3129 4386; x_wconf 91' lang='lat' dir='ltr'>id</span> 
     </span>
     <span class='ocr_line' id='line_1_36' title="bbox 690 4424 3128 4512; baseline 0.002 -26"><span class='ocrx_word' id='word_1_279' title='bbox 690 4442 1049 4510; x_wconf 61' lang='lat' dir='ltr'>expresse</span> <span class='ocrx_word' id='word_1_280' title='bbox 1095 4424 1592 4512; x_wconf 85' lang='lat' dir='ltr'>declararunt,</span> <span class='ocrx_word' id='word_1_281' title='bbox 1630 4433 1710 4494; x_wconf 88' lang='lat' dir='ltr'>ut</span> <span class='ocrx_word' id='word_1_282' title='bbox 1743 4445 1879 4512; x_wconf 91' lang='lat' dir='ltr'>pro</span> <span class='ocrx_word' id='word_1_283' title='bbox 1912 4446 2133 4496; x_wconf 84' lang='lat' dir='ltr'>sacra</span> <span class='ocrx_word' id='word_1_284' title='bbox 2179 4428 2644 4496; x_wconf 83' lang='lat' dir='ltr'>ordinatione</span> <span class='ocrx_word' id='word_1_285' title='bbox 2683 4426 2958 4497; x_wconf 86' lang='lat' dir='ltr'>factum</span> <span class='ocrx_word' id='word_1_286' title='bbox 2994 4425 3128 4494; x_wconf 87' lang='lat' dir='ltr'>fuit.</span> 
     </span>
     <span class='ocr_line' id='line_1_37' title="bbox 694 4528 3131 4621; baseline 0 -23"><span class='ocrx_word' id='word_1_287' title='bbox 694 4534 792 4598; x_wconf 74' lang='lat' dir='ltr'>lta</span> <span class='ocrx_word' id='word_1_288' title='bbox 846 4530 1177 4599; x_wconf 71' lang='lat' dir='ltr'>Sanchez</span> <span class='ocrx_word' id='word_1_289' title='bbox 1225 4528 1367 4614; x_wconf 81' lang='lat' dir='ltr'>(lib.</span> <span class='ocrx_word' id='word_1_290' title='bbox 1402 4534 1463 4600; x_wconf 90' lang='grc'>3.</span> <span class='ocrx_word' id='word_1_291' title='bbox 1499 4531 1685 4621; x_wconf 78' lang='lat' dir='ltr'>disp.</span> <span class='ocrx_word' id='word_1_292' title='bbox 1718 4535 1833 4601; x_wconf 71' lang='lat'>23.</span> <span class='ocrx_word' id='word_1_293' title='bbox 1869 4553 1937 4600; x_wconf 88' lang='lat' dir='ltr'>n.</span> <span class='ocrx_word' id='word_1_294' title='bbox 1976 4534 2062 4619; x_wconf 85' lang='grc'>7).</span> <span class='ocrx_word' id='word_1_295' title='bbox 2113 4571 2156 4584; x_wconf 90' lang='grc'>-</span> <span class='ocrx_word' id='word_1_296' title='bbox 2205 4534 2332 4602; x_wconf 91' lang='lat' dir='ltr'>His</span> <span class='ocrx_word' id='word_1_297' title='bbox 2384 4534 2606 4602; x_wconf 80' lang='lat' dir='ltr'>veluti</span> <span class='ocrx_word' id='word_1_298' title='bbox 2639 4532 3131 4604; x_wconf 81' lang='lat' dir='ltr'>fundamentis</span> 
     </span>
    </p>
   </div>
   <div class='ocr_carea' id='block_1_5' title="bbox 3344 0 3452 5274">
    <p class='ocr_par' dir='ltr' id='par_1_5' title="bbox 3344 0 3452 5274">
     <span class='ocr_line' id='line_1_38' title="bbox 3344 0 3452 5274; baseline 0 0"><span class='ocrx_word' id='word_1_299' title='bbox 3344 0 3452 5274; x_wconf 95' lang='lat' dir='ltr'> </span> 
     </span>
    </p>
   </div>
  </div>
 </body>
</html>
