3509 5317
1351 481 1707 540 ...341—

303 619 640 688 eiusdem
691 600 1191 705 perpetuitate
1240 620 1410 704 post
1456 616 1588 684 tori
1638 615 2210 711 separationem.
2277 651 2326 662 -
2394 614 2569 681 Item
2625 616 2761 696 [ulf-J-

306 726 613 796 nissime
660 731 732 796 et
776 724 1157 794 evidenter
1238 728 1532 792 constat
1574 722 1667 792 dc
1706 721 2025 813 physica
2072 720 2492 812 virginitate
2541 720 2761 788 Iuliae

306 838 704 920 postquam
740 852 782 902 a
817 830 1149 902 thalamo
1189 829 1561 918 coniugali
1594 831 1919 915 recessit,
1954 830 2153 916 quod
2191 830 2308 898 hic
2332 832 2761 899 ostent-imm:

436 941 546 1008 33.
616 941 706 1009 Et
751 958 830 1008 re
884 938 1184 1026 quidem
1239 956 1417 1010 vera
1481 937 1641 1024 ipse
1693 937 2052 1021 Zacchia,
2102 937 2227 1022 qui
2281 955 2324 1005 a
2372 934 2761 1006 defensuri?-

312 1045 698 1115 validitatis
746 1046 1192 1115 matrimonii
1251 1046 1514 1116 citatur
1572 1051 1827 1114 contra
1886 1047 2325 1133 argumenta
2390 1062 2581 1130 quatt-
2637 1044 2761 1108 rir-

308 1153 680 1240 ginitatem
732 1152 1149 1240 praedictae
1203 1152 1427 1224 Iuliae
1473 1153 1890 1235 adstruunt,
1924 1151 2104 1238 ipse,
2138 1151 2467 1238 inquam,
2500 1152 2765 1216 citatim

307 1264 569 1328 auctor
629 1259 724 1327 ad
774 1260 1251 1345 incorruptae
1316 1258 1745 1347 virginitatis
1791 1258 2287 1346 agnitionem,
2333 1256 2581 1325 relicti·
2649 1256 2765 1340 1η·-

311 1371 553 1437 menis
623 1368 883 1456 signo,
935 1368 1119 1436 haec
1180 1367 1436 1436 docet:
1514 1388 1550 1430 (ε
1584 1365 2135 1435 Consideranda
2209 1383 2378 1433 sese
2447 1364 2769 1431 effi-vimi,

313 1496 348 1538 «
382 1477 452 1543 in
505 1476 648 1545 hac
694 1480 905 1563 parte
954 1475 1109 1559 tria,
1167 1492 1444 1560 nempe
1506 1471 1973 1563 moynitudO,
2027 1470 2260 1557 color,
2313 1477 2385 1540 et
2437 1472 2769 1556 coiisse-sss-

315 1603 350 1645 «
387 1581 492 1653 tia
527 1605 589 1650 ».
639 1585 727 1652 Et
773 1581 1091 1651 subinde
1139 1581 1533 1668 descriptis
1564 1579 2198 1668 symptomatibus
2229 1578 2480 1666 quoad
2513 1596 2769 1644 cumin-

312 1689 545 1775 culaS,
596 1688 923 1760 colorem
973 1694 1044 1758 et
1091 1687 1445 1758 unionem
1483 1687 1809 1774 partium
1841 1693 1998 1755 tum
2048 1687 2119 1753 in
2156 1684 2561 1774 virginibus
2617 1696 2765 1748 tum

310 1798 378 1865 in
427 1798 821 1885 corruptiS,
873 1796 1429 1887 assignatisque
1479 1795 1834 1885 congruis
1882 1794 2308 1878 rationibus,
2357 1792 2769 1861 concludit:

314 1905 643 1992 «Itaque
708 1906 892 1975 haec
964 1906 1210 1975 omnia
1297 1904 1507 1993 signa
1573 1903 1799 1974 simul
1860 1901 2393 1988 conspirantia,
2443 1899 2769 1981 integ-zm<-

314 2033 352 2076 «
384 2014 822 2100 virginitatis
868 2011 1287 2082 evidentem
1340 2013 1846 2083 coniecturam
1894 2010 2272 2098 praebent.
2329 2009 2517 2077 Nam
2569 2008 2769 2092 misul

315 2141 350 2183 «
380 2121 676 2209 singula
728 2141 863 2208 per
894 2140 979 2191 se
1014 2121 1264 2191 testari
1315 2139 1467 2188 non
1520 2125 1858 2207 possunt,
1893 2117 2115 2188 simul
2162 2118 2359 2187 unita
2410 2124 2769 2203 poterunt.

317 2248 354 2290 «
388 2228 872 2309 Quamobren
922 2230 985 2296 si
1039 2227 1225 2298 ultra
1278 2227 1467 2297 haec
1515 2227 1697 2315 ipsa,
1749 2245 1945 2314 quae
1990 2225 2141 2293 iam
2191 2224 2637 2300 notavimffi„
2689 2248 2765 2286 m·

316 2356 352 2396 «
383 2355 586 2425 quae
631 2334 816 2406 infra
882 2337 1212 2406 notanda
1267 2322 2139 2422 veniunt'apparebunt,
2190 2333 2282 2402 de
2345 2331 2777 2419 virginitatis

240 2507 244 2511 ,
316 2463 351 2505 «
384 2441 1068 2529 incorruptibilitate
1126 2460 1276 2509 non
1329 2443 1550 2512 inane
1600 2441 1955 2511 iudicium
2001 2439 2194 2511 ferre
2229 2441 2533 2510 licebit*
2589 2444 2777 2516 *Zau*-

313 2553 473 2622 chia
540 2552 673 2637 Ορ.
723 2548 838 2622 eit.
889 2546 1003 2618 lib.
1055 2554 1122 2619 4.
1176 2549 1279 2618 tit.
1328 2553 1398 2617 2.
1457 2569 1526 2637 q.
1573 2551 1643 2618 2.
1689 2569 1816 2618 nn.
1868 2549 2051 2633 8-9).
2124 2547 2316 2618 Infra
2383 2566 2559 2615 vern
2633 2548 2765 2612 :iliu

314 2659 628 2746 praebet
659 2660 871 2744 signa
907 2678 1006 2728 ex
1039 2660 1397 2747 nymphis
1446 2668 1598 2741 (nn.
1634 2663 1916 2745 10—11),
1956 2679 2055 2729 ex
2086 2661 2253 2728 sinu
2287 2659 2593 2744 pudoris
2641 2684 2769 2724 ,ψιι

317 2765 669 2836 fossicula
718 2769 817 2847 (n.
879 2769 1001 2848 14)
1059 2766 1391 2855 aliisque.
1467 2768 1672 2836 Haec
1742 2767 2176 2836 meminisse
2246 2767 2557 2844 iuvabit,
2609 2768 2773 2852 quiri

312 2874 406 2943 de
478 2874 570 2942 iis
617 2874 1049 2944 obstetrices
1081 2929 1097 2957 ,
1151 2893 1250 2946 ex
1299 2874 1542 2945 officio
1615 2876 2012 2963 deputatae
2069 2876 2164 2943 ad
2213 2894 2490 2962 corpus
2561 2878 2781 2940 lmine

317 2981 887 3070 inspiciendum,
936 2983 1115 3053 scite
1165 2983 1598 3070 loquuntur.
1662 3022 1709 3051 ,-
1754 2983 2160 3053 Sciendum
2216 2990 2593 3070 praeterea
2653 2992 2777 3056 irat,

317 3089 946 3178 praescriptiones
992 3112 1034 3161 a
1084 3090 1265 3161 fisco
1317 3101 1388 3160 et
1436 3091 1881 3161 matrimonii
1931 3093 2322 3163 defensore
2394 3095 2781 3176 requisitus

317 3198 388 3266 in
440 3201 819 3287 praedicta
872 3199 1349 3288 inspectione,
1394 3217 1666 3287 nempe
1714 3200 1784 3269 1⁰
1820 3219 1971 3289 quo
2003 3199 2096 3268 ad
2135 3200 2633 3269 iuramentum
2689 3200 2781 3260 nl·

323 3309 888 3394 obstetricibus,
937 3328 978 3378 a
1034 3314 1369 3377 matrona
1401 3363 1417 3393 ,
1472 3328 1514 3378 a
1568 3308 1880 3376 medicis
1927 3313 1999 3376 et
2042 3307 2413 3395 chirurgis
2458 3312 2781 3376 emittm-

320 3419 542 3502 dum3
593 3452 640 3462 —
690 3418 762 3485 2⁰
810 3435 961 3503 quo
1009 3416 1107 3486 ad
1154 3415 1483 3485 officium
1544 3416 1642 3486 ab
1689 3416 1799 3484 eis
1848 3416 2407 3502 praestandum,
2460 3434 2785 3500 p-rmtfz-:i-1·2-

322 3524 448 3592 tim
502 3524 576 3591 in
625 3523 927 3610 praevia
977 3523 1463 3592 obstetricum
1519 3522 2019 3606 instructione,
2069 3526 2140 3590 et
2187 3523 2257 3588 in
2294 3520 2649 3608 vigilantia
2693 3524 2785 3584 nli

320 3630 408 3698 iis
456 3641 531 3699 et
576 3648 621 3699 a
671 3634 1011 3698 matrona
1064 3628 1484 3699 adhibenda
1538 3629 1719 3698 dum
1773 3631 1844 3697 in
1893 3629 2160 3698 balneo
2209 3646 2452 3715 aquae
2500 3632 2785 3712 tepidae

324 3737 701 3824 praedicta
754 3736 932 3807 Iulia
983 3745 1407 3807 moraretur
1441 3756 1573 3824 per
1604 3744 1755 3806 tres
1789 3737 2013 3806 unius
2062 3738 2290 3805 horae
2334 3736 2789 3823 quadr-untes

322 3846 418 3914 ad
469 3843 871 3916 artificialis
922 3844 1360 3933 virginitatis
1408 3844 1719 3914 dubium
1772 3843 2353 3930 removendum3
2414 3882 2459 3890 —
2517 3848 2585 3912 3²·
2637 3864 2785 3928 qun

322 3953 420 4021 ad
473 3952 824 4022 sedulam
875 3952 1196 4021 seorsim
1273 3953 1782 4040 peragendam
1854 3952 2388 4039 inspectionem
2451 3952 2785 4036 coi-suuis

325 4060 668 4129 eiusdem
722 4059 850 4128 vix
898 4080 938 4129 a
991 4060 1263 4129 balneo
1312 4077 1700 4147 egressae;
1747 4096 1795 4105 -
1841 4059 1913 4126 4⁰
1961 4076 2113 4146 quo
2147 4059 2242 4128 ad
2291 4057 2789 4144 depositionis

325 4167 650 4236 subinde
696 4167 1011 4237 solemni
1051 4168 1191 4235 ritu
1248 4164 1656 4253 faciendas;
1704 4206 1748 4214 -
1809 4164 1886 4235 5⁰
1933 4185 2083 4254 quo
2131 4166 2224 4235 ad
2275 4164 2621 4236 iudicium
2675 4168 2789 4228 {11:2-

330 4273 576 4361 nique,
630 4273 1053 4360 interposita
1111 4274 1508 4344 iuramenti
1559 4273 1930 4362 religione,
1979 4270 2369 4342 ferendum
2407 4292 2449 4342 a
2487 4276 2789 4340 [ntulit-ia·

328 4384 400 4449 et
445 4380 819 4468 chirurgis
864 4399 1099 4468 super
1146 4380 1485 4450 eiusdem
1550 4385 1849 4450 extante
1896 4379 2014 4449 vel
2069 4379 2452 4466 deperdita
2509 4384 2789 4444 viu-mim

328 4486 552 4557 nitate
604 4483 798 4576 (Csr.
833 4485 1157 4575 Act.sol.
1214 4489 1396 4569 131).·
1445 4488 1607 4573 hae,
1660 4488 1990 4575 inquam,
2026 4485 2464 4574 prudentiae
2513 4496 2569 4556 el
2616 4488 2789 4552 :mi-2

332 4592 961 4681 praescriptiones
1018 4599 1088 4662 et
1133 4593 1473 4663 cautelae
1544 4592 1972 4693 huiusmodi
2032 4599 2239 4679 sunt,
2291 4601 2369 4662 ut
2427 4600 2785 4680 quantum
