3509 5317
692 509 870 570 ..371-

169 642 310 713 nalium
335 643 481 714 concilii
509 645 690 717 tridentini
717 646 968 734 interpretum,
986 644 1159 715 defensor
1176 645 1399 717 matrimonii

169 768 193 818 a
217 749 401 839 cardinali
424 750 616 822 Praefecto
644 752 812 822 eiusdem
837 752 1161 840 congregationis,
1186 753 1216 821 si
1241 770 1332 822 vero
1361 753 1398 821 in

169 856 295 928 Palatii
318 860 434 927 nostri
459 858 663 945 auditorio,
681 860 730 931 ab
745 858 924 929 Auditore
947 858 1090 929 decano
1115 857 1268 946 praefati
1290 856 1400 929 tribu·

168 963 273 1049 nalis,
298 964 329 1034 si
353 966 509 1036 demum
533 968 570 1036 in
595 968 891 1056 congregatione
927 966 1158 1063 particulari,
1182 985 1205 1034 a
1236 983 1400 1053 persona

168 1072 339 1141 eiusdem
363 1072 670 1164 congregationis
693 1075 860 1163 digniore
883 1076 1092 1162 deputetur.

234 1180 334 1264 514.
359 1183 474 1254 Unica
500 1182 653 1270 quidem
681 1184 858 1253 resolutio
882 1201 951 1271 pro
981 1181 1145 1252 nullitate
1175 1180 1399 1250 matrimonii

168 1295 352 1374 emanata,
379 1289 411 1358 si
434 1310 548 1361 causa
574 1292 610 1359 in
635 1290 930 1379 congregatione
965 1287 1216 1360 cardinalium
1251 1287 1399 1357 concilii

167 1393 352 1464 tridentini
376 1397 631 1486 interpretum,
657 1397 715 1466 vel
740 1398 776 1467 in
800 1397 1094 1486 congregatione
1110 1394 1321 1484 particulari
1337 1395 1399 1464 de·

167 1506 296 1588 putata
320 1510 583 1592 cognoscatur,
608 1511 645 1575 et
667 1504 833 1575 similiter
857 1506 894 1573 in
918 1503 1045 1575 Palatii
1065 1502 1177 1574 nostri
1194 1501 1399 1588 Auditorio,

168 1607 279 1678 unica
304 1611 483 1681 sententia
509 1630 625 1699 super
648 1611 782 1683 eadem
805 1611 970 1682 nullitate
986 1610 1228 1699 pronunciata
1246 1607 1400 1678 minime

168 1714 330 1788 sufficiat
351 1717 399 1787 ad
423 1719 663 1791 tribuendam
690 1721 843 1792 liberam
868 1720 1091 1808 coniugibus
1106 1716 1318 1787 facultatem
1335 1733 1398 1784 no

169 1841 239 1892 vas
263 1826 412 1923 nuptias
436 1828 694 1912 contrahendi,
720 1828 786 1896 sed
811 1828 843 1896 si
865 1845 981 1897 causa
1007 1826 1042 1897 in
1060 1823 1224 1913 praefata
1242 1819 1400 1922 congre·

168 1929 317 2017 gatione
340 1931 593 2004 cardinalium
632 1933 815 2004 tridentini
846 1934 993 2003 concilii
1019 1932 1260 2019 interpretum
1293 1930 1401 1998 intro

168 2037 279 2107 ducta
304 2037 421 2126 fuerit,
447 2062 581 2112 rursus
606 2042 640 2111 in
665 2041 797 2111 eadem
815 2042 862 2112 ad
881 2039 1089 2110 defensoris
1114 2038 1333 2108 matrimonii
1351 2037 1400 2104 in·

168 2150 343 2216 stantiam
370 2160 665 2237 reproponatnr;
691 2150 721 2218 si
747 2167 837 2219 vero
869 2147 1152 2237 congregationi
1188 2143 1399 2233 particulari

169 2255 374 2326 commissa
399 2255 517 2343 fuerit,
542 2258 590 2327 ad
617 2258 828 2345 petitionem
853 2256 1022 2329 eiusdem
1048 2252 1254 2323 defensoris
1282 2250 1399 2319 altera

169 2364 281 2435 etiam
306 2363 543 2453 particularis
567 2366 811 2455 congregatio
835 2364 1093 2452 deputabitur;
1118 2361 1149 2429 si
1176 2376 1263 2428 vero
1280 2359 1317 2426 in
1334 2358 1399 2425 Pa·

171 2471 243 2541 latii
267 2473 383 2541 nostri
407 2473 600 2542 Auditorio
624 2472 784 2543 iudicata
808 2473 863 2557 sit,
889 2492 910 2547 a
935 2468 1101 2559 praefato
1126 2465 1322 2536 defensore
1338 2483 1399 2550 ap

172 2581 366 2669 pellatione
386 2583 611 2669 interposita,
637 2582 684 2651 ab
708 2581 788 2651 aliis
811 2579 1053 2649 Auditoribus
1090 2578 1195 2646 iuxta
1228 2572 1399 2642 ordinem
1440 2596 1446 2611 ·

170 2687 206 2756 in
231 2706 368 2777 gyrum
385 2707 452 2758 seu
472 2696 622 2759 turnum
648 2687 867 2774 definiatur;
892 2687 923 2755 si
947 2692 1073 2756 autem
1089 2702 1204 2754 causa
1222 2683 1399 2752 universo

172 2782 343 2865 tribunali
367 2797 571 2866 commissa
596 2795 715 2876 fuerit
740 2796 789 2865 ab
813 2795 990 2864 omnibus
1006 2791 1248 2861 Auditoribus
1266 2807 1399 2857 rursus

172 2902 457 2986 examinabitur,
483 2904 653 2973 nolentes
677 2904 840 2988 omnine,
866 2907 905 2971 ut
928 2900 1030 2970 nullo
1046 2899 1083 2967 in
1100 2915 1192 2967 casu
1216 2902 1400 2965 matrrmo

171 3008 219 3076 nii
245 3009 436 3080 vinculum
461 3010 688 3081 dissolutum
712 3017 931 3097 censeatur,
956 3007 1024 3077 nisi
1048 3005 1125 3074 duo
1148 3001 1306 3073 iudicata
1342 3000 1399 3069 vel

172 3116 419 3194 resolutiones
444 3124 509 3186 aut
535 3118 737 3187 sententiae
762 3118 908 3206 penitus
932 3114 1072 3185 similes
1107 3120 1143 3181 et
1175 3107 1398 3194 conformes,

170 3239 191 3289 a
217 3222 356 3308 quibus
379 3242 502 3311 neque
527 3243 628 3312 pars,
653 3243 776 3311 neque
802 3222 977 3294 defensor
1001 3220 1223 3292 matrimonii
1239 3216 1400 3287 credide

172 3329 217 3398 rit
239 3331 519 3420 appellandum,
544 3336 824 3419 emanaverint;
849 3332 1005 3421 quodsi
1030 3348 1142 3400 secus
1165 3328 1303 3399 factum
1327 3325 1402 3396 fue·

172 3434 225 3521 rit,
251 3441 287 3506 et
310 3456 452 3507 novum
476 3441 608 3509 initum
634 3441 924 3524 matrimonium,
949 3443 1100 3507 nostrae
1122 3434 1320 3503 voluntatis
1337 3433 1401 3502 hu·

171 3541 333 3615 iusmodi
359 3555 664 3634 transgressores
699 3543 830 3635 poenis
853 3568 874 3617 a
898 3545 1015 3615 Nobis
1041 3551 1080 3613 ut
1108 3560 1222 3629 supra
1255 3540 1400 3610 statutis

171 3653 446 3725 submittantur.

238 3763 261 3844 ἓ
285 3764 337 3831 15.
362 3764 406 3833 Et
429 3765 606 3851 quoniam
632 3782 748 3851 saepe
771 3762 873 3851 apud
899 3762 1034 3833 Sedem
1059 3756 1300 3846 apostolicam
1323 3773 1402 3842 pre

171 3887 237 3939 ces
262 3871 399 3960 porrigi
423 3872 544 3942 solent
568 3890 635 3958 pro
653 3872 932 3958 dispensatione
949 3867 1172 3939 matrimonii
1189 3864 1255 3933 rati
1273 3867 1309 3932 et
1324 3880 1399 3930 non

171 3978 445 4065 consummati,
471 3997 569 4067 quae
608 3984 646 4048 ut
681 3979 886 4066 plurimum
911 3996 980 4064 pro
1005 3981 1091 4045 voto
1114 3970 1323 4045 consultivo
1352 3970 1400 4039 ad

172 4081 509 4172 congregationem
534 4088 570 4157 S.
589 4089 631 4155 R.
648 4087 689 4155 E.
713 4085 964 4158 cardinalium
982 4082 1130 4152 Concilii
1147 4082 1399 4166 interpretum,

173 4191 231 4260 vel
255 4209 529 4282 nonnunquam
567 4194 615 4264 ad
651 4195 814 4282 aliquam
847 4191 1180 4282 congregationem
1211 4183 1402 4274 particula·

173 4316 253 4366 rem
278 4299 494 4386 deputatam
519 4322 540 4371 a
568 4301 736 4372 romanis
771 4299 1010 4370 Pontificibus
1045 4316 1113 4386 pro
1144 4304 1312 4380 tempore
1343 4309 1400 4360 re·
1498 4366 1502 4388 ἱ

73 4496 76 4507 1
172 4406 263 4476 mitti
288 4409 418 4494 solent,
445 4415 484 4478 ut
507 4408 724 4478 huiusmodi
748 4409 942 4478 instantiae
965 4406 1096 4475 ordine
1118 4422 1163 4473 ao
1186 4401 1252 4469 rite
1276 4416 1402 4487 proce,-

171 4513 283 4601 dant,
310 4513 488 4584 volumus
513 4534 558 4585 ac
582 4515 833 4600 mandamus„
854 4522 900 4583 ut
921 4512 1085 4601 supplex
1108 4508 1252 4579 libellus
1286 4503 1402 4574 Nobis

172 4621 229 4691 vel
256 4638 417 4690 romano
437 4618 602 4691 Pontifici
619 4640 687 4709 pro
707 4629 876 4708 tempore
899 4620 1129 4705 exhibeatur,
1146 4615 1183 4684 in
1199 4632 1275 4700 quo
1291 4609 1400 4698 piem
