3509 5317
1395 537 1712 597 ...49-

331 676 443 745 vel
493 666 832 746 secundo
879 676 1122 765 gradu
1171 675 1479 763 impedit
1508 675 1917 763 quominus
1964 676 2199 760 possit
2245 676 2613 745 eiusmodi
2668 679 2788 743 im⁴

328 784 509 871 pleri
557 784 980 871 promissiO,
1031 803 1206 854 cum
1257 784 1443 853 inter
1492 781 1759 853 affines
1806 783 1877 850 in
1937 783 2172 871 gradu
2225 784 2591 869 prohibito
2625 802 2792 853 crun-

325 893 515 962 trahi
565 890 808 961 valide
857 897 1180 979 nequeat
1231 892 1813 962 matrimonium.

462 1002 567 1069 10.
619 1000 852 1068 Porro
922 1018 1022 1069 ex
1090 1007 1288 1069 certa
1362 998 1707 1067 omnium
1780 998 2141 1068 sententia
2211 997 2537 1069 affinitas
2599 999 2668 1068 in
2720 999 2796 1063 si-

330 1127 473 1175 nca
521 1104 941 1176 collaterali
982 1126 1118 1177 seu
1172 1110 1619 1176 transversa
1667 1102 2227 1175 matrimonium
2301 1106 2570 1174 dirimit
2631 1107 2788 1175 som

332 1213 701 1283 Ecclesiae
747 1213 930 1284 iure.
980 1215 1539 1293 Matrimonium
1590 1231 1920 1300 namque
1967 1214 2088 1283 vel
2136 1213 2209 1282 in
2255 1212 2503 1302 primo
2555 1213 2784 1283 lineat]

331 1329 809 1392 transversae
857 1322 1100 1410 gradu
1149 1327 1639 1406 contractum,
1689 1321 1965 1390 scilicet
2011 1340 2187 1390 cum
2237 1340 2506 1391 uxore.
2547 1319 2788 1391 fratris·-

330 1436 460 1498 aut
506 1448 684 1497 cum
733 1447 996 1498 sorore
1047 1428 1325 1515 uxoris,
1377 1429 1748 1516 quamvis,
1802 1429 2155 1498 omnibus
2203 1426 2619 1515 fatentibuS,
2668 1451 2796 1495 nu-

335 1535 662 1605 turalcm
709 1537 1094 1622 quandam
1145 1534 1601 1623 praeseferat
1650 1536 2165 1621 indecentiam,
2217 1536 2310 1604 ita
2360 1542 2440 1604 ut
2497 1539 2784 1604 nonnisi

337 1644 633 1731 urgenti
679 1639 916 1712 causa
966 1643 1280 1730 permitti
1330 1643 1612 1728 debeat,
1665 1643 2037 1713 eiusmodi
2087 1651 2335 1713 tamen
2389 1642 2788 1712 indecentia

331 1753 511 1821 tanti
561 1769 710 1821 non
763 1757 876 1819 est
924 1751 1302 1837 momenti,
1351 1756 1432 1820 ut
1478 1752 1577 1820 ob
1625 1751 1865 1838 ipsam
1921 1751 2318 1820 dicendum
2372 1751 2483 1837 sit,
2534 1754 2800 1820 Auca·-

336 1878 497 1929 rem
549 1864 881 1944 naturae,
930 1878 1077 1946 qua
1145 1858 1389 1945 talem,
1457 1860 1877 1947 denegasse
1937 1857 2290 1940 affinibus
2358 1863 2792 1945 potestatem

335 1965 825 2034 contrahendi
873 1965 1061 2035 inter
1107 1983 1190 2033 se
1241 1966 1805 2034 matrimonium
1835 1965 1876 2028 ¹.
1912 2003 1954 2013 -
1997 1965 2346 2034 Pluribus
2394 1972 2647 2034 autem
2696 1987 2800 2031 fn·-

335 2073 718 2160 gumentis
777 2072 849 2141 id
911 2074 1267 2141 Doctores
1329 2073 1670 2161 probant.
1721 2075 1815 2142 At
1860 2060 2138 2142 factum
2194 2071 2515 2142 sufficiat
2563 2092 2804 2141 ron-1:1-

336 2198 615 2248 norum
663 2178 1126 2265 Pontificum,
1178 2179 1303 2265 qui
1367 2180 1438 2246 in
1501 2178 1742 2265 primo
1814 2176 2183 2247 affinitatis
2251 2178 2490 2265 gradu
2562 2176 2796 2274 lineae

340 2291 820 2356 transversae
867 2288 1155 2374 passim
1204 2287 1738 2373 dispensarunt
1771 2283 1819 2352 ².

475 2396 582 2462 11.
635 2395 1212 2465 controvertitur
1259 2399 1506 2464 autem
1561 2400 1810 2463 utrum
1855 2394 2415 2464 matrimonium
2452 2395 2521 2463 in
2551 2395 2800 2484 prism:

339 2499 753 2588 affinitatis
793 2501 1047 2590 gradu
1111 2501 1347 2572 lineae
1411 2506 1688 2586 rectae,
1758 2518 2031 2588 nempe
2092 2502 2280 2571 inter
2337 2502 2676 2571 vitricum
2728 2511 2796 2571 et

342 2608 788 2697 privignam,
823 2627 1233 2678 novercam
1267 2614 1339 2679 et
1370 2609 1834 2695 privignum,
1869 2627 2220 2678 socerum
2254 2615 2326 2677 et
2359 2628 2655 2694 nurum,
2692 2631 2804 2675 su-

343 2732 560 2783 crum
587 2721 659 2783 et
675 2733 1041 2803 generum
1072 2717 1166 2785 sit
1190 2713 1350 2784 iar-‘c
1374 2720 1705 2784 naturae
1731 2715 2038 2802 irritum,
2065 2735 2163 2785 an
2189 2734 2365 2785 vero
2390 2715 2545 2783 solo
2573 2716 2804 2784 Ecetra

341 2818 499 2889 siae
570 2818 753 2890 iare.
815 2822 1081 2891 Plures
1125 2840 1213 2891 ac
1248 2822 1497 2911 magni
1547 2823 1853 2910 quidem
1900 2823 2224 2891 nominis
2276 2828 2433 2892 tum
2481 2823 2796 2911 theologi

344 2933 503 2996 tum
566 2927 957 3015 iurisperiti
1022 2929 1430 2998 universim
1479 2935 1868 3018 negarunt,
1904 2929 2276 2999 eiusmodi
2334 2930 2796 2999 matrimonia

343 3051 521 3102 cum
571 3034 815 3120 primo
861 3033 1232 3104 affinitatis
1278 3035 1518 3124 gradu
1567 3036 1805 3106 lineae
1851 3042 2098 3107 rectae
2146 3037 2340 3123 inita,
2391 3037 2552 3106 iure
2598 3051 2804 3107 natti-

345 3159 474 3210 rae
522 3158 692 3209 esse
753 3141 954 3210 irrita
1013 3139 1078 3228 ⁸3
1141 3146 1214 3211 et
1260 3142 1452 3212 hanc
1499 3143 1939 3212 sententiam
1998 3143 2576 3236 probabiliorem
2633 3143 2800 3211 dicit

483 3387 503 3423 ¹
550 3387 826 3446 Sanchez
875 3388 982 3446 lib.
1033 3387 1095 3447 7.
1146 3389 1315 3463 disp.
1368 3387 1478 3447 66.
1531 3407 1600 3448 n.
1659 3391 1738 3449 11
1792 3408 1929 3450 cum
1975 3388 2301 3450 communi.

481 3485 507 3523 2
551 3488 748 3553 Quum
791 3487 986 3546 Iulius
1015 3489 1074 3549 II
1120 3488 1577 3566 dispensaverit
1620 3507 1761 3549 cum
1805 3490 2070 3548 Henrico
2118 3488 2267 3547 VIII
2318 3487 2587 3563 Angliae
2636 3505 2804 3559 reg-c.

351 3591 421 3646 ut
461 3586 711 3646 duceret
764 3587 1193 3660 Gatharinam,
1249 3606 1405 3664 quae
1450 3586 1656 3647 fuerat
1707 3588 1929 3647 Arturi
1975 3587 2196 3646 fratris
2248 3604 2426 3657 uxor,
2482 3585 2808 3651 Henrissm,

351 3687 428 3746 ad
455 3703 653 3761 prava
682 3686 819 3745 dein
852 3684 1115 3746 consilia
1141 3687 1459 3763 capienda,
1494 3688 1784 3759 asseruit,
1827 3705 2000 3746 suum
2046 3704 2183 3745 cum
2227 3684 2568 3745 Catharina
2610 3687 2816 3743 coit-iffi

354 3786 523 3861 gium
578 3788 726 3843 iure
782 3792 1070 3863 naturae
1114 3785 1368 3845 irritum
1423 3785 1610 3845 fuisse
1640 3771 1743 3844 ob
1789 3786 2156 3845 affinitatem
2207 3802 2391 3859 quam
2447 3800 2584 3841 cum
2636 3800 2708 3841 ea
2752 3783 2808 3839 in

354 3884 551 3960 primo
595 3884 790 3959 gradu
833 3890 979 3942 ante
1022 3884 1268 3960 nuptias
1312 3884 1616 3957 habebat3
1666 3902 1736 3942 ac
1781 3884 1914 3943 ideo
1955 3883 2203 3943 inanem
2262 3881 2449 3941 fuisse
2494 3882 2816 3940 Pontificis

354 3981 893 4058 dispensationem,
940 3985 1004 4040 et
1047 3982 1138 4041 ita
1181 3982 1257 4040 ab
1312 3982 1591 4041 Ecclesia
1647 3981 2038 4040 iudicandum
2082 4000 2153 4039 ac
2206 3979 2641 4040 declarandum
2684 3999 2816 4035 esse

355 4078 689 4138 contendit.
730 4111 796 4121 -
833 4081 919 4138 At
965 4096 1109 4138 vero
1154 4079 1437 4139 Clemens
1478 4080 1618 4148 VII,
1661 4080 1962 4139 consultis
2007 4081 2121 4139 hac
2164 4080 2238 4137 de
2281 4096 2349 4138 re
2392 4079 2816 4138 celeberrimis

353 4175 649 4235 catholici
708 4176 892 4235 Orbis
949 4175 1498 4249 UniversitatibuS,
1543 4181 1609 4237 et
1662 4178 2135 4237 accuratissima
2192 4177 2474 4235 adhibita
2517 4175 2820 4235 delibera-

356 4274 542 4344 tione,
591 4275 948 4351 apostolicis
990 4275 1227 4335 litteris
1269 4275 1618 4334 declaravit
1663 4276 1935 4334 validam
1981 4279 2045 4335 et
2088 4275 2437 4352 legitimam
2481 4274 2668 4334 fuisse
2700 4279 2820 4331 [11:⁴-

358 4375 802 4450 pensationem‚
849 4380 914 4434 et
966 4378 1409 4451 consequenter
1462 4377 1736 4436 validum
1791 4395 1860 4435 ac
1907 4375 2151 4435 firmum
2199 4377 2385 4435 fuisse
2442 4377 2816 4453 coniugium,

355 4471 511 4546 quod
543 4471 848 4532 Henricus
889 4491 1024 4531 cum
1058 4473 1423 4545 Camarina,
1471 4480 1674 4535 amoto
1706 4474 2085 4534 auctoritate
2126 4475 2467 4552 apostolica
2496 4476 2820 4535 affinitatis.

359 4567 814 4645 impedimenta,
860 4570 984 4630 rite
1026 4570 1278 4629 inierat.

492 4667 516 4704 ³
563 4667 736 4726 Hanc
781 4672 992 4729 tenent
1047 4669 1419 4728 sententiam
1484 4671 1557 4728 D.
1606 4671 1895 4741 Thomas»,
1952 4672 2176 4743 Caiet.,
2228 4673 2483 4746 Sanch.‚
2532 4674 2812 4747 Henri=1.,

517 4800 825 4843 Massam.
859 4802 929 4843 De
957 4801 1377 4853 lmpecumenus.
2629 4807 2655 4847 4
