3509 5317
1750 445 2109 507 -408—

834 581 939 648 14.
991 579 1335 650 Remotio
1376 581 1730 668 yracium
1776 582 2335 653 scandalorum.

836 692 940 758 15.
1002 689 1324 759 Cessatio
1369 689 1644 779 publici
1685 690 2237 761 concubinatus.

833 797 935 864 16.
989 795 1460 867 Eoecellentia
1505 797 1977 884 meritorum,
2031 818 2208 869 cum
2240 800 2509 887 aliquis
2541 805 2672 870 aut
2701 805 2965 870 contra
2996 798 3173 868 fidei

701 905 1097 975 catholicae
1146 907 1401 977 hostes
1448 907 1940 992 dimicatione,
1990 913 2119 976 aut
2177 907 2601 977 liberalitate
2671 925 2850 995 erga
2926 906 3175 975 Eccle-

701 1014 911 1096 siam,
960 1019 1091 1084 aut
1135 1014 1491 1101 doctrina,
1543 1016 1828 1101 virtute,
1879 1016 2119 1090 aliove
2179 1015 2406 1084 modo
2473 1015 2566 1083 de
2629 1014 3020 1102 Religione
3082 1013 3179 1082 sit

705 1121 976 1210 optime
1026 1124 1351 1192 meritus.
1967 1180 1972 1185 .

833 1229 992 1299 Hae
1039 1234 1216 1299 sunt
1268 1233 1851 1315 communioreS,
1901 1232 2377 1319 potioresque
2424 1249 2743 1312 causae,
2813 1247 3015 1316 quae
3075 1229 3173 1298 ad

705 1336 1284 1406 matrimoniales
1331 1338 1930 1425 dispensationes
1980 1338 2490 1425 impetrandas
2536 1337 2806 1407 adduci
2879 1337 3170 1423 solent;
3234 1327 3249 1337 ’

705 1446 796 1512 (le
842 1444 1119 1531 quibus
1164 1445 1466 1532 copiose
1511 1450 1743 1533 agunt
1793 1446 2110 1535 theologi
2172 1466 2264 1517 ac
2327 1463 2720 1516 sacrorum
2781 1462 3168 1514 canonum

705 1550 1136 1636 interpretes
1186 1551 1229 1619 ¹.

835 1656 979 1726 Sed
1030 1658 1175 1727 iarn
1228 1676 1311 1728 se
1359 1660 1720 1729 convertit
1778 1660 2165 1730 Instructio
2236 1661 2327 1729 ad
2404 1679 2534 1746 ea,
2606 1678 2804 1747 quae
2872 1670 3172 1746 praeter

705 1782 975 1834 causas
1024 1765 1094 1832 in
1144 1765 1366 1836 literis
1419 1767 1883 1854 supplicibus
1935 1788 2069 1855 pro
2132 1767 2685 1856 dispensatione
2740 1767 3165 1853 obtinenda,

705 1874 796 1942 [ie
843 1872 1002 1941 iure
1053 1874 1165 1943 vel
1226 1874 1810 1961 consuetudine,
1873 1881 2002 1946 aut
2070 1876 2263 1963 stylo
2334 1876 2599 1946 Curiae
2669 1875 3158 1962 exprimenda

705 1985 894 2066 sunt,
943 1981 1035 2050 ita
1089 1993 1169 2051 ut
1213 1982 1273 2049 si
1323 1982 1544 2051 etiam
1596 1982 2027 2069 ignoranter
2073 1987 2404 2052 taceatur
2454 1983 2753 2068 veritas,
2803 1988 2935 2051 aut
3005 2000 3165 2051 nar·

709 2094 904 2158 retur
950 2085 1248 2173 falsitas,
1283 2089 1737 2175 dispensatio
1773 2089 1975 2161 nulla
2008 2089 2391 2160 efficiatur.
2445 2091 2648 2161 Haec
2679 2096 2935 2159 autern
2962 2095 3164 2158 sunt:

838 2199 897 2264 1.
954 2195 1244 2266 Nomen
1291 2201 1362 2265 et
1407 2213 1814 2286 cognomen
1861 2193 2309 2284 oratorum„
2354 2205 2760 2286 utrumque
2831 2199 3166 2269 distincte

705 2323 790 2371 :ic
836 2303 1058 2374 nitide
1105 2323 1196 2375 ac
1244 2306 1404 2375 sine
1454 2306 1599 2376 ulla
1651 2305 2032 2376 literarum
2067 2308 2624 2377 abbreviatione
2655 2309 3163 2378 scribendum.

832 2414 896 2480 2.
941 2410 1319 2482 Dioecesis
1367 2412 1672 2503 oriyinis
1724 2415 1839 2485 vel
1887 2415 2208 2485 actualis
2238 2413 2604 2486 domicilii.
2640 2416 2959 2498 Quando
3000 2417 3166 2486 Ora·

709 2528 901 2587 tures
971 2519 1248 2609 habent
1307 2521 1761 2590 domicilium
1837 2528 2047 2593 extra
2119 2522 2520 2592 dioecesim
2591 2523 2934 2611 originis,
3009 2542 3162 2609 pos-

705 2629 894 2710 sunt,
943 2625 1005 2694 si
1055 2626 1295 2713 velint,
1347 2632 1616 2715 petere,
1669 2634 1748 2697 ut
1792 2628 2628 2715 dispensatio-mittatur
2697 2628 2795 2698 ad
2867 2629 3166 2698 Ordina-

709 2734 898 2801 rium
945 2733 1327 2821 dioecesis,
1375 2735 1448 2803 in
1498 2754 1645 2822 qua
1695 2754 1898 2804 nunc
1948 2736 2295 2806 habitant.

831 2843 896 2909 3.
952 2840 1242 2929 Species
1289 2842 1509 2912 etiam
1557 2840 1828 2930 infima
1872 2842 2404 2930 impedimenti,
2450 2862 2548 2912 an
2595 2843 2690 2914 sit
2720 2844 3160 2932 consangui-

705 2950 894 3017 nitas
941 2948 1054 3017 vel
1127 2948 1465 3036 affinitas,
1517 2955 1682 3019 orta
1711 2969 1811 3019 ex
1843 2950 2114 3037 copula
2149 2950 2333 3020 licita
2387 2949 2504 3019 vel
2552 2950 2820 3036 illicita3
2871 2951 3161 3038 publica

705 3058 1058 3125 honestas
1105 3057 1465 3143 originem
1516 3056 1804 3127 ducens
1851 3077 1950 3128 ex
1997 3058 2487 3145 sponsalibus
2518 3057 2633 3127 vel
2685 3057 3157 3127 matrimonio

709 3168 893 3247 1‘·ato;
942 3163 1014 3230 in
1084 3164 1615 3249 impedimento
1669 3162 2024 3249 criminiS,
2080 3168 2331 3233 utrum
2381 3164 2808 3252 provenerit
2848 3183 2950 3233 ex
2998 3182 3166 3233 con·

705 3269 1041 3358 iugicidio
1112 3288 1288 3340 cum
1359 3272 1860 3358 promissione
1911 3272 2379 3357 matrimonii,
2428 3276 2558 3341 aut
2616 3290 2716 3341 ex
2777 3270 3168 3358 coniugici·

705 3378 821 3446 [lio
868 3395 1044 3446 cum
1091 3378 1476 3463 adulterio,
1528 3380 1643 3448 vel
1693 3386 1793 3448 ex
1840 3379 2002 3447 solo
2050 3378 2412 3448 adulterio
2446 3378 2623 3448 cum
2658 3378 3156 3464 promissione

709 3485 1184 3572 matrimonii3
1235 3486 1304 3553 in
1359 3487 1801 3575 cognatione
1849 3485 2226 3574 spirituali,
2279 3492 2531 3555 utrum
2581 3486 2673 3554 sit
2704 3486 2893 3554 inter
2929 3485 3166 3572 levan-

709 3602 851 3662 tem
900 3601 973 3664 et
1020 3594 1366 3679 levatum,
1420 3593 1535 3663 vel
1587 3593 1774 3662 inter
1826 3594 2193 3663 levantem
2247 3603 2319 3662 et
2365 3593 2579 3662 levati
2629 3600 3045 3678 parentem.

835 3703 897 3769 4.
953 3700 1271 3770 Gradus
1306 3698 1901 3788 'consanquitatis
1953 3700 2068 3769 vel
2114 3698 2515 3788 affinitatis
2563 3704 2694 3770 aut
2751 3696 3164 3767 honestatis

709 3830 802 3878 ex
851 3809 1322 3878 matrimonio
1374 3818 1552 3892 rat0‚
1602 3814 1813 3878 etan
1871 3808 1964 3876 sit
2030 3808 2356 3895 simplex
2429 3807 2544 3877 vel
2618 3806 2944 3891 mixtuS,
3017 3825 3161 3875 non

709 3924 989 3987 tantum
1040 3917 1411 4002 remotior,
1506 3915 1907 3985 sed-etiam
1964 3915 2467 4004 propinquior,
2519 3914 2622 3982 uti
2669 3921 2743 3982 et
2790 3913 3025 3998 linea,
3071 3932 3162 3983 an

705 4026 796 4091 sit
844 4029 1036 4092 recta
1091 4022 1206 4092 vel
1256 4028 1683 4092 transversa
1699 4042 1718 4109 3
1779 4023 1951 4090 item
2010 4041 2105 4091 an
2173 4022 2523 4091 Oratores
2582 4020 2731 4089 sint
2796 4020 3163 4091 coniuncti

709 4150 805 4198 ex
850 4131 1122 4218 duplici
1174 4130 1469 4200 vinculo
1526 4129 2216 4217 consanguinitatiS,
2292 4134 2443 4197 tam
2515 4146 2613 4200 ex
2683 4133 2895 4214 parte
2942 4128 3166 4215 patris

709 4255 933 4322 quam
984 4256 1081 4305 ex
1130 4243 1339 4324 parte
1388 4235 1666 4305 matris.

840 4381 860 4417 ¹
906 4381 1079 4439 Inter
1120 4385 1358 4439 ceteros
1401 4378 1752 4472 consulendi
1800 4378 2087 4453 Pyrrhus
2131 4377 2437 4437 Corradus
2462 4409 2507 4421 —
2546 4377 2796 4435 Praxi&
2827 4377 3169 4451 dispensa-

709 4482 963 4536 tionum
1026 4479 1534 4553 apostolicarum
1579 4509 1613 4521 -
1663 4477 1771 4534 lib.
1831 4476 1979 4535 VII.
2026 4481 2092 4536 et,
2144 4475 2331 4532 VIII.
2378 4493 2450 4534 ac
2503 4475 2869 4535 Vincentius
2924 4476 3013 4535 De
3074 4475 3166 4536 Iu-

709 4580 821 4638 stis
862 4610 905 4622 -
945 4579 1037 4638 De
1080 4578 1692 4653 dispensationibus
1738 4577 2345 4634 matrimonialibus
2386 4608 2428 4619 -
2473 4577 2581 4635 lib.
2630 4573 2765 4635 III.

3402 5266 3449 5273 ..—
