3509 5317
688 524 867 583 -227-

164 661 292 727 autern
319 678 394 728 non
418 660 543 730 dilutis
567 662 672 731 hisce
696 661 829 748 dubiis,
854 661 1036 733 declarari
1060 665 1230 749 nequeat,
1256 660 1398 728 irritum

166 782 214 833 ne
238 784 287 835 an
314 768 478 838 validum
512 767 621 839 fuerit
644 770 944 856 matrimonium,
961 776 1050 839 tunc
1073 769 1104 836 si
1128 773 1228 837 certo
1257 771 1401 837 constet

164 875 245 940 tum
271 874 319 944 de
343 895 419 975 non
449 878 772 947 consummatione
797 878 1040 961 matrimonii,
1064 881 1144 944 tum
1169 875 1216 944 de
1241 875 1335 944 iusta
1365 882 1401 943 et

164 986 272 1074 gravi
297 1004 424 1071 causa,
450 986 633 1056 eiusmodi
650 985 781 1054 iudicia
807 993 844 1054 et
865 984 1143 1053 controversiae
1165 1001 1234 1069 per
1252 980 1400 1072 'diapen-

164 1091 350 1161 sationem
389 1093 610 1180 plerumque
641 1094 865 1163 dirimuntur
898 1094 965 1161 nisi
998 1092 1098 1160 aliud
1127 1080 1257 1160 obstet.
1293 1091 1399 1159 Tunc

164 1211 294 1271 autem
319 1200 366 1271 ad
384 1203 578 1272 enunciata
597 1203 710 1272 dubia
729 1201 948 1288 responderi
963 1200 1082 1269 solet:
1108 1221 1126 1262 ‹
1150 1195 1212 1268 Ad
1230 1197 1399 1287 prtmrrm

160 1308 426 1398 providebitur
452 1310 496 1378 in·
514 1308 708 1394 secundo;
730 1347 753 1357 -
777 1307 829 1378 ad
852 1294 1057 1377 secundum
1074 1304 1306 1396 affirmative
1323 1328 1353 1372 a.

233 1420 266 1486 4.
291 1418 349 1486 Ab
379 1418 452 1487 hac
474 1423 600 1487 tamen
633 1418 669 1488 S.
694 1418 730 1487 C.
756 1417 998 1503 resolutione,
1024 1416 1162 1503 quippe
1185 1413 1400 1485 iudicialiter

162 1529 247 1595 acta
274 1531 310 1594 et
332 1526 485 1613 prolata,
517 1525 708 1613 appellare
740 1532 861 1612 potest
892 1524 971 1591 sive
1006 1522 1231 1592 matrimonii
1260 1522 1399 1591 vindex

163 1651 222 1701 eoe
246 1631 386 1721 officia,
404 1634 485 1702 sive
501 1632 641 1702 coniux
658 1650 825 1701 renuens
840 1631 1170 1717 dispensationem.
1196 1633 1273 1713 Qua
1291 1631 1400 1699 inter-

162 1743 286 1828 posita
311 1741 574 1827 appellatione,
600 1746 676 1811 tota
701 1724 819 1810 causa
842 1759 893 1810 ex
917 1740 1059 1827 integro
1084 1739 1120 1807 in
1155 1739 1271 1809 altera
1289 1738 1292 1747 ’
1307 1739 1397 1807 Con·

162 1848 382 1935 gregatione
412 1847 472 1916 vel
504 1847 693 1916 Tribunali
720 1847 941 1933 proponitur
969 1846 1218 1933 expendenda
1250 1866 1296 1916 ac
1318 1845 1399 1914 diri-

162 1955 306 2024 menda
323 1974 372 2024 ex
395 1942 504 2022 novis
528 1954 698 2023 deductis
722 1954 937 2024 rationibus.

235 2064 267 2129 5.
293 2062 361 2130 His
374 2062 550 2131 omnibus
566 2062 733 2148 expletis,
752 2064 794 2130 R.
812 2062 851 2128 P.
867 2063 909 2129 D.
927 2059 1157 2131 secretarius
1180 2061 1395 2130 universam

160 2168 221 2238 rei
245 2168 381 2237 seriem
399 2187 471 2236 una
491 2186 578 2237 curn
596 2169 632 2237 S.
651 2170 687 2238 C,
707 2168 764 2237 vel
781 2166 994 2237 Tribunalis
1008 2172 1093 2236 voto
1107 2166 1267 2236 breviter
1279 2166 1397 2236 SSmo

161 2274 288 2359 refert
313 2276 430 2363 quisi
455 2282 586 2345 votum
613 2277 762 2346 Patrum
795 2272 1001 2360 confirmet,
1034 2274 1349 2362 dispensationem
1375 2294 1396 2343 a
1423 2291 1427 2299 ·

160 2383 407 2453 matrimonio
421 2390 500 2455 rato
516 2402 591 2452 non
603 2391 867 2455 consummato
881 2383 1087 2469 impertitur
1098 2389 1209 2470 prout
1220 2383 1268 2452 de
1281 2402 1396 2455 more.

236 2494 268 2559 6.
293 2492 349 2560 Ad
375 2492 513 2560 horum
537 2492 708 2560 omnium
734 2489 1073 2575 confirmationem,
1105 2491 1191 2559 utile
1222 2492 1397 2564 ducimus

161 2616 239 2687 pro
255 2598 439 2667 similibus
454 2598 605 2668 casibus
621 2597 839 2686 exemplum
859 2596 997 2682 reterre
1008 2597 1045 2664 in
1062 2616 1174 2667 causa
1194 2598 1395 2686 disceptata

160 2725 237 2794 per
261 2707 360 2774 viam
384 2703 568 2773 uirilitatis
584 2705 696 2775 simul
714 2724 758 2774 ac
782 2703 1071 2793 dispensationis
1096 2705 1145 2773 o'b
1166 2703 1396 2794 peculiarem

160 2814 360 2902 quandam
394 2814 460 2881 viri
491 2815 763 2901 impotentiam,
788 2832 833 2907 ac
856 2813 1036 2900 dirempta
1062 2831 1086 2882 a
1109 2812 1144 2882 S.
1169 2814 1206 2883 C.
1231 2814 1268 2883 C.
1293 2815 1351 2883 die
1374 2817 1416 2883 2·

160 2922 243 2992 iulii
264 2925 348 2993 1862
360 2924 396 2991 in
411 2928 496 2992 voto
509 2921 806 3009 dispensationis.
824 2921 885 2990 Sic
900 2929 1026 2992 autem
1043 2919 1109 2990 luit
1125 2922 1297 2991 Patribus
1309 2922 1345 2991 S.
1359 2923 1395 2992 C.

161 3031 337 3117 exposita
362 3032 555 3117 quaestio:
1373 3060 1376 3067 ·

239 3139 419 3225 «Magno
444 3139 603 3206 invicem
629 3155 759 3206 amore
783 3135 967 3223 compulsi
993 3136 1149 3205 iuvenes
1179 3136 1339 3205 loannes
1363 3144 1398 3205 et

161 3244 317 3332 Sophia,
332 3251 408 3315 tres
421 3247 706 3332 postcontinuos
718 3263 840 3313 annos
852 3249 1087 3327 tractatuum,
1097 3244 1310 3313 solemniter
1323 3260 1398 3313 ma*

160 3352 384 3422 trimonium
408 3354 444 3421 in
468 3351 562 3422 facie
578 3351 768 3421 Ecclesiae
784 3351 1067 3420 inieruntdle21
1087 3351 1283 3437 aprilisan.
1297 3353 1394 3436 1858,

162 3460 457 3548 praemissis-de
481 3478 589 3528 more
613 3457 972 3541 denunciationibus,
997 3459 1086 3544 quin
1112 3458 1225 3527 ullam
1250 3458 1396 3526 eanoni-

160 3584 257 3634 cum
286 3567 593 3653 impedimentum
634 3564 871 3651 proferretur.
906 3565 944 3632 ln
975 3564 1041 3632 viri
1073 3566 1229 3633 domum
1263 3564 1396 3634 mulier

161 3676 339 3758 adducta,
356 3680 453 3743 tanta
480 3674 636 3761 pudoris
663 3682 699 3742 et
726 3672 973 3742 verecundiae
997 3672 1032 3740 vi
1056 3677 1163 3758 capta
1188 3669 1262 3758 fuit,
1289 3677 1328 3740 ut
1351 3690 1394 3741 ea

93 3786 95 3789 ’
161 3784 287 3872 prima
313 3787 420 3849 nocte
443 3779 602 3849 noluerit
617 3799 704 3848 cum
730 3780 863 3848 marito
879 3779 1046 3848 cubitum
1070 3781 1133 3865 ire,
1157 3785 1194 3848 et
1215 3798 1282 3866 per
1297 3779 1395 3848 duos

161 3889 302 3961 deinde
319 3907 471 3957 menses
488 3887 713 3957 matrimonii
730 3888 1045 3957 consummationi
1062 3886 1224 3957 lacrimis
1241 3892 1276 3956 et
1292 3905 1397 3972 paro
1421 3954 1434 3963 ,

160 3998 301 4068 xismis
316 3997 491 4081 renuerit,
503 3994 830 4064 nonobstantibus
846 3995 1022 4081 precibus
1038 4000 1072 4064 et
1088 3995 1229 4064 ardenti
1247 3993 1395 4064 loannis

161 4105 361 4190 desideria,
387 4122 461 4191 quo
485 4101 607 4187 flebat,
633 4110 673 4172 ut
697 4092 902 4172 nocturnas
923 4102 1145 4189 pollutiones
1168 4103 1300 4191 iugiter
1315 4104 1395 4189 ipse

162 4217 366 4304 pateretur.
384 4211 458 4281 Sed
474 4210 624 4280 tandem
643 4211 942 4297 propinquorum
961 4217 996 4281 et
1012 4211 1150 4297 proprii
1174 4208 1395 4281 confessarii

162 4322 440 4397 hortationibus
462 4328 498 4391 et
521 4320 842 4408 obiurgationibus
867 4319 980 4404 victa,
1005 4324 1041 4388 et
1064 4336 1194 4387 amore
1217 4318 1395 4399 adaucta,

162 4450 244 4520 quo
267 4449 356 4519 erga
381 4429 579 4517 coniugem
613 4426 816 4516 flagrabat,
840 4427 875 4494 in
900 4426 1069 4496 eiusdem
1104 4431 1190 4494 vota
1212 4425 1397 4496 concessit

163 4556 307 4625 otirpus
331 4556 457 4622 suum,
481 4535 674 4623 quomodo
700 4537 779 4604 viro
803 4535 925 4623 magis
949 4534 1085 4619 liberet,
1110 4535 1304 4604 exhibens.
1321 4533 1395 4602 Sed

162 4645 315 4715 frustra.
340 4642 482 4729 Copula
505 4643 603 4711 enirn
632 4661 747 4729 saepe
771 4643 983 4728 iterumque
999 4652 1035 4710 et
1057 4638 1268 4729 frequenter
1284 4640 1394 4710 etiarn
