3509 5317
842 547 878 560 -
903 528 963 573 v111
985 546 1023 559 ’-

317 655 431 751 apud
451 672 612 733 sacram
628 654 794 733 Concilii
811 654 1182 750 congregationem
1200 651 1552 750 disceptabantur,

320 783 407 857 Tua
436 799 501 857 me
530 782 703 858 comiter
731 780 919 857 exercuit
948 778 1101 857 nedum
1132 777 1377 874 benignitas,
1408 778 1481 857 sed
1510 780 1553 854 et

319 923 380 1001 ea,
410 924 492 1001 qua
521 903 784 1000 praestabas,
814 904 919 980 iuris
947 903 1107 998 peritia.
1148 904 1286 991 Quare
1315 902 1349 979 si
1379 902 1478 998 quid
1512 902 1553 978 in

320 1031 380 1107 eis
410 1028 575 1126 proieci,
607 1028 647 1107 id
678 1030 768 1105 iure
798 1030 944 1105 merito
975 1025 1065 1103 Tibi
1095 1026 1291 1105 vindicas.

401 1156 557 1231 Verum
587 1153 708 1232 etad
737 1153 846 1230 bunc
882 1154 1017 1250 ipsum
1052 1150 1233 1230 libellum
1271 1150 1373 1228 illud
1410 1151 1554 1228 attinet

320 1279 654 1376 memorandum,
684 1278 795 1375 quod
824 1296 918 1356 cum
948 1263 1125 1354 eundem
1153 1277 1411 1354 Eminentiae
1440 1277 1554 1352 Tuae

319 1403 470 1481 iudicio
509 1404 778 1499 subiecerim,
808 1407 995 1499 tempore
1029 1421 1112 1498 quo
1148 1418 1292 1480 sacrae
1322 1402 1554 1496 congrega-

319 1531 443 1607 tionis
471 1529 522 1606 de
551 1529 828 1625 Propaganda
858 1529 956 1607 Fide
978 1547 1054 1625 pro
1074 1528 1347 1606 oeconomicis
1377 1527 1554 1623 negotiis

320 1653 629 1732 Praefecturam
657 1653 848 1752 gerebas
869 1656 957 1732 tum
979 1657 1024 1730 ut
1047 1653 1162 1731 illum
1181 1672 1400 1731 recensere
1429 1656 1554 1748 atque

321 1781 532 1876 corrigere
571 1780 825 1877 dignareris,
855 1782 943 1856 tum
982 1783 1026 1856 ut
1059 1781 1135 1857 Tui
1170 1781 1330 1856 ratione
1367 1779 1553 1856 muneris

321 1904 572 1983 diiudicares
601 1923 652 1982 an
680 1905 793 2001 typis
822 1903 1009 1983 eiusdem
1039 1922 1184 1982 sacrae
1212 1903 1554 2000 congregationis

321 2029 386 2108 edi
417 2030 644 2127 expediret,
674 2031 846 2108 comitas
874 2032 962 2107 Tua
992 2030 1091 2106 mibi
1112 2032 1333 2128 suggessit,
1353 2032 1398 2107 ut
1421 2027 1553 2106 fusius

320 2155 372 2233 de
405 2155 709 2252 impedimentis
747 2155 1055 2232 matrimonium
1094 2155 1384 2234 dirimentibus
1420 2155 1554 2234 aede

319 2278 499 2357 iudiciali
539 2296 738 2376 processu
773 2279 814 2354 in
853 2276 1227 2357 matrimonialibus
1264 2279 1402 2357 causis
1435 2278 1555 2356 conil-

320 2405 465 2484 eiendo
494 2423 679 2501 agerem,
710 2407 755 2481 ut
783 2421 890 2500 opus
919 2407 961 2481 et
990 2405 1123 2501 magis
1156 2405 1197 2481 in
1227 2406 1408 2482 themate
1437 2404 1555 2483 abso

321 2529 469 2626 lutum,
499 2532 539 2607 et
567 2529 853 2608 ecclesiasticis
881 2529 1018 2607 Curiis
1057 2527 1162 2607 soret
1198 2529 1351 2607 utilius
1391 2528 1554 2607 Salubri

323 2656 418 2732 buic
452 2652 620 2731 consilio
664 2671 823 2731 morem
859 2671 1028 2751 gerens,
1060 2658 1296 2751 susceptum
1336 2671 1442 2749 opus
1476 2671 1554 2748 pro

219 2795 227 2807 ·
322 2795 510 2857 mearum
538 2778 736 2855 tenuitate
756 2780 905 2855 virium
938 2782 1100 2875 meique
1128 2781 1327 2877 temporis
1351 2779 1555 2876 angustiis

323 2900 467 2981 sedulo
501 2919 549 2979 ac
585 2901 762 2980 libenter
800 2903 974 2999 explevi.
1018 2906 1153 3000 Atque
1186 2905 1265 2982 alia
1301 2905 1396 2982 binc
1430 2906 1554 3000 ratio,

323 3047 404 3125 qua
438 3025 528 3105 Tibi
567 3028 694 3104 veluti
727 3028 823 3106 duci
853 3033 893 3106 et
921 3032 1077 3126 auspici
1122 3031 1409 3110 elucubratum
1447 3049 1556 3128 opus

322 3157 413 3232 iure
442 3151 663 3231 dicandum
691 3151 819 3232 fuisse
848 3155 1056 3233 duxerim.

404 3278 558 3374 Excipe
587 3279 725 3374 igitur,
757 3279 1089 3357 Eminentissime
1119 3283 1330 3378 Princeps,
1360 3300 1436 3380 pro
1466 3285 1555 3360 Tua

323 3421 404 3499 qua
420 3402 531 3499 apud
547 3420 691 3480 omnes
705 3403 1009 3482 commendaris
1023 3405 1291 3498 humanitate,
1308 3409 1387 3486 boc
1401 3425 1554 3503 meum,

324 3527 622 3623 qualecumque
655 3527 726 3623 sit,
756 3526 808 3605 de
836 3545 956 3605 sacro
989 3531 1166 3624 coniugii
1197 3530 1363 3610 loedere
1396 3533 1557 3610 canoni·

323 3669 465 3728 carum
494 3651 706 3728 notionum
735 3652 774 3727 et
803 3651 1146 3747 disceptationum
1171 3655 1431 3750 opusculum:
1462 3656 1558 3733 levi·

324 3773 453 3854 dense
477 3773 645 3870 quidem
673 3792 837 3870 munus
858 3776 933 3853 sed
960 3778 1105 3871 gratae
1133 3779 1173 3855 in
1194 3781 1251 3856 Te
1270 3797 1387 3857 meae
1416 3779 1558 3858 obser·

323 3900 487 3978 vantiae
515 3899 721 3977 sincerum
751 3903 1081 3998 perpetuumque
1110 3908 1432 3983 monumentum.

405 4024 573 4102 Interim
603 4025 858 4103 Eminentiae
887 4025 998 4104 Tuae
1027 4044 1189 4105 sacram
1218 4047 1449 4127 purpuram
1484 4031 1558 4109 lm-

324 4148 491 4226 millime
511 4148 741 4244 deosculor,
762 4154 802 4227 et
821 4152 967 4229 enixas
987 4152 1041 4231 ad
1056 4153 1186 4230 Deum
1209 4174 1353 4252 preces
1373 4153 1556 4254 effundo

324 4277 370 4351 ut
397 4276 454 4350 'lo
482 4272 534 4351 ad
564 4273 769 4352 Ecclesiae
798 4272 952 4353 bonum
982 4277 1213 4357 diutissime
1242 4283 1427 4378 sospitet.
