3509 5317
1727 475 2083 536 ...120-

689 613 1057 700 siquidem
1105 613 1460 701 Synodus
1507 632 1644 700 pro
1693 612 1861 682 dicti
1910 614 2326 684 Vioariatus
2363 613 2714 683 fidelibus
2746 616 3144 701 perspicue

689 724 1097 807 ahalai-ane,
1137 721 1414 808 quibus
1447 721 1517 789 in
1553 721 1861 791 casibus
1893 722 2355 804 Missionarii,
2383 723 2512 809 qui
2533 722 2903 791 eiusmodi
2927 720 3150 792 facul·

689 836 829 892 inte
881 828 1184 915 praediti
1232 828 1420 912 sint,
1469 829 1566 897 ab
1611 829 2198 916 interpellatione
2270 829 2713 916 dispensare
2771 828 3067 900 valeant
3100 831 3143 914 ²,

689 944 749 1000 vl
809 936 1079 1020 quibus
1129 937 1374 1005 modis
1420 937 1518 1005 ad
1565 955 1916 1007 normam
1968 940 2227 1007 Brevis
2274 939 2607 1025 Gregorii
2640 939 2810 1007 XIII
2843 939 2937 1007 sit
2980 958 3145 1026 pro·

689 1042 1151 1112 viulandum:
1201 1063 1288 1114 ea
1340 1045 1651 1132 insuper
1696 1047 2133 1134 praescribit
2179 1046 2273 1116 de
2320 1049 2596 1135 quibus
2656 1047 2993 1119 facienda
3042 1050 3150 1140 ‘sit

693 1153 1187 1241 lntfflpellatio.
1235 1191 1279 1200 -
1327 1154 1748 1224 Generatim
1800 1156 2048 1243 itaque
2094 1154 2477 1226 disserens
2523 1156 2617 1226 de
2671 1175 2855 1226 casu
2904 1158 3149 1227 coniu-

689 1264 818 1335 sis.
857 1261 978 1347 qui
1015 1262 1111 1329 ad
1142 1259 1369 1330 fidem
1406 1280 1846 1348 converSUS,
1870 1262 2104 1333 altero
2128 1262 2199 1330 in
2228 1261 2653 1333 infidelitate
2683 1263 3145 1350 persistente,

697 1372 857 1436 wilt
902 1368 995 1436 ad
1047 1369 1183 1438 alia
1222 1373 1388 1438 vota
1424 1371 1761 1456 transire,
1795 1370 2082 1440 statuit:
2136 1391 2173 1433 «
2207 1373 2313 1438 De
2337 1371 2639 1440 duobus
2670 1388 2897 1458 porro
2930 1369 3148 1439 dum-

693 1484 893 1544 laxat
957 1474 1117 1544 fleri
1149 1475 1368 1545 debet
1398 1474 1901 1562 interpellatio,
1950 1495 2225 1565 nempe
2275 1479 2333 1544 1.
2384 1495 2568 1545 num
2618 1496 2797 1564 pars
2829 1475 3149 1545 infidelis

697 1588 861 1652 m-lil:
890 1584 1240 1669 converti,
1289 1622 1335 1631 —
1378 1587 1443 1653 2.
1472 1603 1657 1661 num
1690 1584 1955 1654 saltem
1995 1582 2166 1652 velit
2196 1583 2627 1653 cohabitare
2660 1584 2952 1672 absque
2984 1602 3152 1652 eon-

693 1690 987 1760 llllimlia
1037 1691 1406 1761 C¹·eat01·is
1438 1713 1475 1754 »
1528 1688 1575 1758 ².

830 1804 929 1868 De
976 1785 1328 1886 peculiari
1376 1804 1629 1868 autem
1678 1817 1865 1868 casu
1912 1798 2078 1868 dein
2148 1817 2425 1886 agens,
2498 1817 2649 1886 quo
2719 1800 3153 1886 dispensan-

693 1912 873 1976 [lun-1
919 1907 1013 1976 sit
1058 1925 1232 2000 cum
1283 1905 1707 1974 infidelibus
1743 1906 2015 1993 plures
2049 1905 2496 1975 habentibus
2533 1925 2834 1991 uxores
2871 1913 2952 1975 ut
2983 1916 3150 1993 post

693 2015 1262 2083 extimet-sionem
1310 2021 1383 2083 et
1428 2013 1913 2106 baptismum,
1963 2032 2192 2100 quam
2246 2032 2345 2081 ex
2391 2013 2531 2082 illis
2580 2013 3017 2097 maluerint,
3088 2014 3148 2081 si

693 2140 753 2188 ι·-ι
813 2126 967 2208 ipsa
1016 2120 1258 2191 fidelis
1304 2119 1452 2207 flat,
1489 2121 1807 2191 retinere
1840 2121 2147 2208 possint,
2182 2121 2318 2192 nisi
2350 2119 2607 2209 prima
2640 2121 2957 2189 voluerit
2986 2139 3152 2189 con-

697 2232 894 2308 verti,
943 2235 1216 2313 monet,
1253 2235 1334 2298 ut
1366 2230 1535 2296 item
1573 2246 1722 2297 non
1760 2228 2235 2314 dispensetur
2266 2228 2363 2295 ab
2396 2226 2977 2313 interpellatione
3006 2224 3149 2315 pri-

693 2356 857 2404 εμπ-πει
909 2336 1169 2404 uxoris
1217 2335 1354 2403 nisi
1404 2336 1476 2402 in
1527 2335 1834 2405 casibus
1882 2335 1951 2403 in
1986 2335 2433 2423 gregoriano
2468 2336 2683 2404 Brevi
2718 2339 3147 2421 expressis;

693 2459 750 2512 m.
793 2461 940 2528 quo
987 2443 1084 2512 ad
1132 2443 1224 2528 id,
1274 2461 1426 2529 quo
1474 2441 1922 2529 interpellari
1971 2442 2239 2511 debeat
2286 2443 2524 2529 prima
2580 2442 2897 2530 legitima
2935 2461 3147 2523 uxor,

697 2552 1056 2620 [lvi-lavat:
1111 2572 1146 2613 «
1184 2548 1482 2638 Sufficit
1525 2554 1780 2619 autem
1831 2553 1915 2618 ut
1959 2547 2503 2638 interpelletur,
2555 2567 2740 2618 num
2788 2546 2963 2617 velit
2993 2569 3156 2617 eon·

697 2656 952 2724 t·÷·³³s·.!f'»
1007 2656 1053 2725 ⁸.

829 2765 933 2833 43.
986 2765 1141 2833 lam
1191 2783 1390 2851 vere,
1440 2764 1600 2854 sive
1647 2781 1879 2832 unam
1930 2763 2273 2832 habuerit
2303 2781 2623 2832 uxorem
2661 2763 2771 2830 vir
2794 2760 2889 2831 ad
2918 2760 3148 2831 fldem

773 2889 1130 2956 ruvereus,
1180 2872 1339 2939 sive
1387 2870 1646 2956 plures
1691 2871 1766 2938 in
1817 2867 2240 2939 infidelitate
2288 2869 2605 2953 duxerit,
2655 2868 2922 2938 eadem
2968 2887 3156 2937 sem·

701 3000 829 3064 'wl-
877 2982 987 3046 est
1034 2979 1216 3046 ratio
1264 2976 1641 3047 infidelem
1690 2974 2203 3064 interpellandi
2256 2978 2652 3064 coniugem
2722 2974 2881 3044 sive
2955 2975 3153 3044 illam

697 3088 1021 3167 naseam,
1076 3086 1235 3153 sive
1282 3103 1382 3152 ex
1431 3083 1772 3170 pluribus
1813 3083 2151 3171 primam
2197 3090 2587 3171 tamquam
2635 3081 2877 3150 solam
2929 3080 3152 3169 legiti-

701 3212 920 3257 mis-lm.
968 3229 1014 3238 —
1060 3189 1134 3259 Si
1183 3209 1362 3278 ergo
1412 3191 1482 3258 in
1537 3192 1676 3259 boo
1726 3190 1958 3260 altero
2006 3209 2192 3260 casu
2262 3186 2586 3278 suffieit,
2665 3191 2750 3256 at
2816 3185 3158 3275 interpel-

697 3304 891 3368 ἕνεκεν
937 3300 1176 3386 prima
1229 3318 1427 3368 uxor
1473 3319 1655 3387 prae
1701 3300 1986 3386 ceteris
2058 3318 2256 3386 quae
2318 3316 2467 3366 non
2540 3302 2718 3366 sunt
2788 3296 3156 3385 legitimae

701 3427 996 3495 imment-es²
1045 3413 1331 3477 tantum
1381 3426 1564 3475 num
1613 3406 1785 3476 velit
1829 3405 2193 3491 converti,
2246 3404 2596 3474 sufficere
2644 3406 2863 3474 etiam
2935 3403 3157 3472 debet

701 3513 1062 3581 ==iusmodi
1116 3514 1596 3600 interpellatio
1629 3514 1700 3580 in
1738 3513 1980 3600 primo
2012 3531 2194 3582 casu
2226 3512 2322 3581 de
2358 3511 2575 3581 unica
2607 3508 2882 3579 infideli
2910 3528 3153 3578 uxore

705 3624 813 3688 rel
869 3622 1083 3691 unico
1134 3620 1407 3692 infideli
1459 3622 1743 3707 maritO,
1800 3626 1876 3690 ut
1920 3621 2196 3690 scilieet
2241 3619 2744 3708 interpelletur
2792 3619 3156 3688 duntaxat

833 3828 845 3860 ¹
897 3826 986 3885 En
1029 3843 1231 3897 casae,
1262 3844 1411 3902 quos
1453 3843 1532 3885 ex
1560 3826 1943 3902 Gregoriano
1996 3826 2183 3885 Brevi
2237 3826 2521 3902 Synodus
2552 3826 2959 3886 Sutehuensis
3014 3843 3155 3883 enu-

705 3932 902 3982 rw-rat
963 3942 1107 3999 cap.
1154 3925 1276 3983 IX.
1324 3942 1396 3982 n.
1446 3925 1507 3982 8.
1553 3930 1709 3998 pay.
1767 3924 1891 3979 70.-
1935 3945 1971 3983 (ι
2003 3925 2140 3985 Non
2205 3925 2595 4002 dispensetur
2638 3926 2754 3984 nisi
2806 3924 3045 3999 quando
3088 3924 3155 3981 fi-

700 4028 849 4080 delis.
901 4024 1222 4099 coniugem
1275 4023 1587 4082 infidelem
1641 4024 1958 4082 absentem
1996 4066 2201 4082 .....
2252 4041 2498 4082 monere
2556 4023 2804 4099 nequit,
2862 4023 2962 4081 vel
3014 4023 3154 4098 quia

701 4122 1004 4180 iub-mlum
1059 4121 1134 4180 ad
1188 4122 1444 4181 hostiles
1493 4126 1559 4179 et
1601 4121 1901 4179 barbaras
1956 4121 2307 4197 provincias
2363 4134 2436 4178 ne
2480 4121 2721 4179 nuneiIs
2772 4120 3017 4196 quidem
3061 4137 3157 4176 ac-

701 4239 902 4279 =·÷·2‚÷÷.us
966 4224 1210 4297 pateat3
1257 4252 1298 4266 -
1339 4219 1440 4278 vel
1482 4219 1628 4295 quia
1671 4236 1920 4294 prorsus
1966 4220 2292 4295 ignoratur
2335 4219 2397 4278 in
2442 4236 2593 4294 quas
2637 4218 2923 4294 regiones
2968 4217 3156 4276 fuerit

705 4323 1086 4392 flammantum
1116 4351 1160 4363 -
1189 4319 1290 4378 vel
1316 4318 1461 4393 quia
1504 4317 1751 4377 itineris
1784 4317 2101 4394 longitudo
2145 4336 2434 4394 magnam
2466 4318 2652 4377 affert
2684 4317 3149 4387 ‘difficultateuu

701 4432 760 4468 vt
809 4421 1124 4492 praeterea
1167 4416 1508 4488 rarissime,
1555 4420 1618 4475 et
1659 4417 1723 4475 in
1767 4434 1912 4476 casu
1956 4416 2238 4493 urgentis
2282 4416 2671 4476 necessitatis
2702 4434 2759 4474 ».

833 4516 853 4552 ²²
899 4516 1180 4591 Synodus
1223 4514 1528 4575 vicerint.
1581 4516 1914 4574 Sutehuen.
1960 4515 2068 4575 eila.
2118 4534 2260 4590 cap.
2313 4513 2376 4573 9.
2428 4533 2494 4574 η.
2547 4516 2609 4573 8.
2657 4531 2814 4591 paq.
2867 4514 2977 4571 71.

837 4616 861 4646 ³⁴
903 4613 1069 4673 Idem
1116 4612 1271 4671 ibid.
1313 4628 1469 4689 pay.
1523 4612 1630 4669 72.
2552 4605 2556 4609 ’
