3509 5317
1352 508 1705 569 ..351-

313 659 350 701 «
382 636 869 708 siderandum
933 639 1135 727 quod
1198 639 1409 709 aliud
1452 644 1565 709 est
1609 641 1875 730 raptui
1933 642 2372 729 consentire,
2441 648 2513 714 et
2557 643 2765 714 alind

313 767 349 807 «
380 745 800 815 consentire
846 745 1344 816 matrimonio.
1396 749 1494 818 Et
1518 754 1928 838 praeterea
1957 770 2066 819 εει)
2095 770 2458 821 consensa
2504 751 2610 821 ad
2649 772 2761 820 sw-

311 874 347 914 «
374 857 625 941 ptum,
666 872 814 922 non
845 852 1113 945 inferri
1158 873 1599 925 consensum
1629 856 1734 927 ad
1780 856 2371 944 matrimonium,
2410 865 2634 947 atque
2669 864 2753 928 ihi

310 983 346 1024 «
378 980 531 1030 non
578 979 880 1031 cessare
927 963 1290 1033 rationem
1345 963 1642 1033 Concilii
1701 967 1772 1032 in
1830 984 1939 1051 ea,
1975 984 2171 1053 quae
2189 967 2603 1037 assentitur
2651 988 2757 1036 rsi-

310 1089 345 1131 (ι
378 1070 556 1156 ptui‚
592 1086 768 1137 cum
815 1075 1079 1157 postea
1124 1069 1545 1142 dissentiret
1593 1073 2084 1141 matrimonio.
2293 1062 2298 1067 ’

440 1198 477 1240 «
513 1176 769 1265 Itaque
818 1176 1108 1248 videtur
1147 1179 1783 1266 respondendum,
1818 1187 2197 1267 raptorem
2260 1182 2594 1251 mulieris
2649 1204 2705 1248 'Ui
2725 1212 2761 1244 1-

308 1306 343 1348 «
378 1283 615 1368 lentiS,
663 1285 940 1354 includi
989 1286 1286 1357 decreto
1320 1286 1638 1371 Concilii,
1689 1288 1881 1356 sicut
1926 1288 1999 1355 in
2049 1288 2299 1377 specie
2346 1289 2566 1360 etiam
2601 1309 2757 1358 sen-

308 1391 454 1460 «tit
502 1393 890 1462 Navarrus
935 1399 1165 1463 const.
1214 1396 1292 1477 2,
1336 1391 1439 1463 tit.
1489 1393 1583 1462 de
1614 1398 1818 1483 rapt.
1853 1394 1969 1464 lib.
2005 1399 2051 1463 5
2098 1396 2168 1463 in
2221 1397 2417 1466 hanc
2475 1404 2757 1468 senten-

305 1501 551 1569 «tiam
602 1502 839 1571 citans
885 1502 957 1571 S.
1007 1503 1402 1583 Thomam,
1445 1503 1572 1589 qui
1620 1504 1719 1572 ait
1764 1521 1936 1572 esse
1985 1509 2390 1592 receptum.
2439 1506 2526 1573 Et
2556 1508 2753 1592 quusi

304 1628 341 1670 «ι
372 1608 653 1678 dictum
704 1614 816 1679 est
862 1611 956 1679 de
1003 1610 1497 1699 matrjimoniO,
1564 1618 1646 1680 ut
1706 1608 2112 1680 Concilium
2171 1611 2753 1699 comprehendat

305 1736 341 1777 «
373 1715 596 1784 etiam
646 1721 1021 1803 raptorem
1062 1717 1395 1786 mulieris
1433 1715 1763 1803 volentiS,
1799 1716 2198 1787 dicendum
2250 1723 2366 1786 est
2410 1717 2631 1787 etiam
2665 1720 2757 1784 1:1⁴:

304 1844 339 1884 «
371 1823 639 1909 poenis
686 1824 784 1894 ob
821 1823 1124 1895 easdem
1165 1824 1509 1894 rationes.
1645 1822 1658 1833 “

436 1952 472 1993 «
508 1931 714 2000 Haec
775 1938 1023 2002 autem
1087 1933 1336 2003 omnia
1401 1933 1489 2001 ita
1555 1938 1730 2001 sunt
1791 1930 2281 2021 intelligenda,
2345 1950 2523 2000 cum
2582 1951 2753 2000 vet-*-

304 2056 337 2096 «
371 2048 634 2123 raptus
682 2039 1089 2125 intervenit,
1139 2037 1270 2127 qai
1310 2037 1628 2127 requirit
1664 2038 2002 2127 aliquam
2055 2037 2515 2107 oiolentiam:
2563 2040 2753 2108 aden

301 2160 338 2202 «
372 2150 453 2211 ut
501 2150 763 2231 raptus
822 2164 970 2215 non
1035 2146 1330 2216 tollatur
1392 2165 1566 2217 cum
1615 2146 1829 2215 abest
1890 2145 2227 2216 violentia
2293 2154 2365 2215 et
2408 2145 2753 2216 abductio

302 2269 336 2309 «
369 2267 505 2335 per
553 2270 1013 2323 consensum
1050 2254 1380 2324 mulieris
1418 2252 1460 2339 ¹,
1508 2272 1735 2324 secus
1766 2255 1828 2323 si
1878 2255 2215 2324 violentia
2253 2272 2404 2323 non
2455 2254 2753 2323 interut·-

300 2381 337 2423 «
367 2361 595 2446 deret,
647 2370 720 2432 et
768 2364 1034 2432 mulier
1079 2369 1278 2431 esset
1325 2363 1442 2431 sui
1490 2362 1690 2446 iuris,
1742 2363 1930 2431 idest
1976 2379 2222 2448 neque
2269 2362 2341 2429 in
2393 2367 2745 2446 potestate

300 2493 336 2534 «
368 2480 790 2558 parentum,
841 2490 1084 2560 neque
1118 2473 1402 2558 tutoris,
1440 2488 1684 2559 neque
1727 2470 2101 2554 similium,
2150 2489 2396 2557 neque
2446 2470 2753 2555 promis*-

300 2597 334 2637 «
367 2577 727 2665 sionibus,
779 2579 895 2647 vei
945 2578 1109 2648 aliis
1142 2579 1423 2648 artibus
1456 2587 1656 2648 esset
1680 2577 2024 2661 deducta,
2077 2584 2155 2646 ut
2199 2577 2391 2646 bene
2440 2595 2574 2663 per
2606 2575 2749 2644 Mu-

300 2705 335 2747 «
366 2685 611 2753 scard.
661 2685 755 2755 de
795 2686 1010 2775 prob.
1062 2686 1199 2755 ool.
1231 2688 1302 2770 3,
1340 2686 1566 2755 conci.
1605 2688 1816 2770 1353,
1873 2683 2069 2754 verb.
2102 2682 2425 2773 Rapina,
2465 2703 2534 2751 n.
2568 2685 2745 2752 2ss

423 2795 488 2861 3.
543 2794 621 2861 In
671 2814 823 2882 quo
872 2795 1377 2864 Iurisconsulti
1414 2808 1605 2881 voto,
1642 2795 1991 2882 quamvis
2040 2793 2402 2862 nonnulla
2434 2792 2745 2861 habean-

293 2905 410 2968 tur
458 2920 610 2970 non
659 2902 1073 2972 admodum
1110 2903 1615 2985 determinata,
1650 2913 1901 2972 tamen
1956 2901 2555 2988 ratic-potissima
2590 2918 2749 2986 prn-

294 3015 450 3095 pter
499 3029 730 3097 quam
784 3029 1204 3079 consensus
1251 3011 1545 3098 puellae
1609 3011 1681 3079 in
1732 3016 2055 3097 raptum,
2114 3007 2438 3076 indolem
2491 3012 2749 3093 raptus

292 3135 437 3184 non
490 3119 820 3203 destruit,
872 3138 969 3188 ex
1017 3138 1105 3188 eo
1156 3120 1507 3206 repetitur
1554 3120 1760 3207 quod
1809 3119 1927 3188 hic
1973 3134 2395 3188 consensus
2443 3115 2539 3183 ab
2586 3114 2745 3182 insi-

290 3223 428 3293 diis
477 3226 913 3312 nequissimi
964 3227 1287 3295 hominis
1351 3228 1691 3314 rapinam
1756 3226 2178 3295 meditantis
2236 3222 2628 3307 inducitur,
2681 3240 2749 3288 ei.

291 3333 454 3402 ideo
503 3333 845 3407 violentia
896 3335 1035 3423 ipsi
1070 3335 1355 3405 mulieri
1403 3334 1735 3420 infertur,
1787 3335 2135 3421 quamvis
2185 3334 2522 3401 videatur
2581 3348 2745 3399 cun-

290 3442 584 3512 sentire.
636 3443 749 3511 Ex
795 3461 945 3528 quo
1007 3442 1300 3530 puellae
1359 3460 1737 3511 consensu
1788 3441 1880 3508 ita
1932 3446 2252 3522 extorto,
2302 3438 2427 3525 qui
2488 3441 2741 3522 raptus

290 3556 637 3617 naturam
687 3566 837 3617 non
872 3547 1198 3634 destruit,
1243 3549 1723 3636 consequitur
1755 3547 1996 3629 etiam,
2048 3544 2465 3615 violentiam
2504 3561 2553 3611 a
2584 3544 2741 3608 virm

290 3653 537 3724 inferri
588 3655 726 3723 iliis
770 3655 916 3724 sub
948 3674 1272 3744 quorum
1310 3661 1668 3742 potestate
1702 3653 1945 3743 puelia
1996 3656 2217 3721 extat.
2269 3649 2741 3720 Subtrahitur

289 3762 483 3828 enim
540 3761 789 3847 puelia
833 3779 880 3829 a
926 3767 1321 3850 parentum
1387 3766 1766 3847 potestate,
1818 3766 1891 3830 et
1936 3759 2005 3828 in
2061 3775 2371 3827 manum
2422 3756 2738 3841 raptori:G

289 3866 459 3935 dolo
507 3866 936 3938 traducitur.
972 3869 1202 3936 Porro
1236 3868 1437 3939 iuxta
1488 3869 1627 3937 hos
1660 3869 2019 3937 terminos
2065 3864 2421 3935 censebat
2451 3868 2741 3932 consul-

290 3977 418 4057 tor,
467 3971 861 4043 formalem
932 3984 1012 4043 ut
1072 3975 1275 4043 aiunt
1325 3981 1618 4060 raptum
1685 3972 2068 4043 verificari.
2118 3972 2283 4041 Dixi
2331 3971 2540 4039 iuxta
2601 3968 2737 4036 has-

287 4080 665 4167 terminos,
699 4080 825 4167 qui
850 4081 1156 4150 omnino
1190 4082 1779 4167 immutarentur,
1816 4082 1876 4149 si
1912 4086 2264 4150 tractatus
2287 4077 2382 4146 de
2413 4076 2737 4145 ineunti-1

289 4188 761 4257 matrimonio
793 4187 1401 4275 praecessissent.
1463 4192 1878 4258 Consensas
1911 4191 2106 4257 enim
2157 4187 2232 4256 in
2272 4190 2586 4275 raptam
2620 4186 2737 4254 air

289 4293 529 4364 solute
575 4313 620 4364 a
671 4294 1203 4363 Iurisconsuito
1266 4296 1811 4379 consideratur,
1863 4301 1933 4365 et
1989 4293 2435 4383 praescindit
2480 4312 2523 4362 a
2573 4311 2737 4361 con-

417 4532 437 4568 ¹
481 4533 648 4593 Idest
691 4533 856 4592 solus
897 4550 1224 4593 consensus
1268 4533 1508 4610 puellae
1551 4535 1613 4594 in
1659 4543 1904 4612 raptum
1948 4553 2063 4593 non
2110 4535 2355 4606 sufficit,
2402 4541 2472 4595 ut
2513 4535 2737 4595 mulier

287 4645 399 4687 non
440 4629 686 4691 dicatur
726 4638 928 4708 rapta.
