<?xml version="1.0" encoding="UTF-8"?>
<!DOCTYPE html PUBLIC "-//W3C//DTD XHTML 1.0 Transitional//EN"
    "http://www.w3.org/TR/xhtml1/DTD/xhtml1-transitional.dtd">
<html xmlns="http://www.w3.org/1999/xhtml" xml:lang="en" lang="en">
 <head>
  <title>
</title>
<meta http-equiv="Content-Type" content="text/html;charset=utf-8" />
  <meta name='ocr-system' content='tesseract 3.04.00' />
  <meta name='ocr-capabilities' content='ocr_page ocr_carea ocr_par ocr_line ocrx_word'/>
</head>
<body>
  <div class='ocr_page' id='page_1' title='image "./decausismatrimo00mansgoog_0387.png"; bbox 0 0 3509 5317; ppageno 0'>
   <div class='ocr_carea' id='block_1_1' title="bbox 1362 537 1721 597">
    <p class='ocr_par' dir='ltr' id='par_1_1' title="bbox 1362 537 1721 597">
     <span class='ocr_line' id='line_1_1' title="bbox 1362 537 1721 597; baseline 0.003 -14"><span class='ocrx_word' id='word_1_1' title='bbox 1362 537 1721 597; x_wconf 77' lang='lat'><strong>..375-</strong></span> 
     </span>
    </p>
   </div>
   <div class='ocr_carea' id='block_1_2' title="bbox 313 671 2773 4518">
    <p class='ocr_par' dir='ltr' id='par_1_2' title="bbox 313 671 2773 2997">
     <span class='ocr_line' id='line_1_2' title="bbox 451 671 2773 760; baseline 0 -20"><span class='ocrx_word' id='word_1_2' title='bbox 451 671 639 741; x_wconf 90' lang='lat' dir='ltr'>Cum</span> <span class='ocrx_word' id='word_1_3' title='bbox 688 673 936 760; x_wconf 85' lang='lat' dir='ltr'>itaque</span> <span class='ocrx_word' id='word_1_4' title='bbox 983 673 1055 740; x_wconf 88' lang='lat' dir='ltr'>in</span> <span class='ocrx_word' id='word_1_5' title='bbox 1107 672 1535 742; x_wconf 88' lang='lat' dir='ltr'>huiusmodi</span> <span class='ocrx_word' id='word_1_6' title='bbox 1568 673 1820 742; x_wconf 89' lang='lat' dir='ltr'>causis</span> <span class='ocrx_word' id='word_1_7' title='bbox 1852 691 2001 742; x_wconf 88' lang='lat' dir='ltr'>non</span> <span class='ocrx_word' id='word_1_8' title='bbox 2035 673 2130 743; x_wconf 93' lang='lat' dir='ltr'>de</span> <span class='ocrx_word' id='word_1_9' title='bbox 2162 675 2319 744; x_wconf 89' lang='lat' dir='ltr'>iure</span> <span class='ocrx_word' id='word_1_10' title='bbox 2351 675 2773 745; x_wconf 56' lang='lat' dir='ltr'>alterutrius</span> 
     </span>
     <span class='ocr_line' id='line_1_3' title="bbox 319 778 2773 866; baseline -0.001 -19"><span class='ocrx_word' id='word_1_11' title='bbox 319 778 549 865; x_wconf 91' lang='lat' dir='ltr'>partis</span> <span class='ocrx_word' id='word_1_12' title='bbox 594 784 904 865; x_wconf 87' lang='lat' dir='ltr'>tantum,</span> <span class='ocrx_word' id='word_1_13' title='bbox 953 779 1089 848; x_wconf 83' lang='lat' dir='ltr'>sed</span> <span class='ocrx_word' id='word_1_14' title='bbox 1136 778 1536 866; x_wconf 74' lang='lat' dir='ltr'>praecipue</span> <span class='ocrx_word' id='word_1_15' title='bbox 1582 778 1677 849; x_wconf 92' lang='lat' dir='ltr'>de</span> <span class='ocrx_word' id='word_1_16' title='bbox 1722 779 2242 850; x_wconf 77' lang='lat' dir='ltr'><strong>sacramentali</strong></span> <span class='ocrx_word' id='word_1_17' title='bbox 2297 781 2592 851; x_wconf 90' lang='lat' dir='ltr'>vinculo</span> <span class='ocrx_word' id='word_1_18' title='bbox 2638 784 2773 852; x_wconf 56' lang='lat' dir='ltr'>dis-</span> 
     </span>
     <span class='ocr_line' id='line_1_4' title="bbox 317 885 2773 974; baseline 0.002 -20"><span class='ocrx_word' id='word_1_19' title='bbox 317 885 683 955; x_wconf 89' lang='lat' dir='ltr'>solvendo</span> <span class='ocrx_word' id='word_1_20' title='bbox 731 892 1016 974; x_wconf 80' lang='lat' dir='ltr'><strong>agatur,</strong></span> <span class='ocrx_word' id='word_1_21' title='bbox 1064 904 1474 972; x_wconf 80' lang='lat' dir='ltr'>processus</span> <span class='ocrx_word' id='word_1_22' title='bbox 1520 891 1686 956; x_wconf 88' lang='lat' dir='ltr'>acta</span> <span class='ocrx_word' id='word_1_23' title='bbox 1714 906 1865 956; x_wconf 89' lang='lat' dir='ltr'>non</span> <span class='ocrx_word' id='word_1_24' title='bbox 1914 887 2010 959; x_wconf 89' lang='lat' dir='ltr'>ad</span> <span class='ocrx_word' id='word_1_25' title='bbox 2045 888 2277 958; x_wconf 90' lang='lat' dir='ltr'>instar</span> <span class='ocrx_word' id='word_1_26' title='bbox 2308 888 2628 959; x_wconf 88' lang='lat' dir='ltr'>aliorum</span> <span class='ocrx_word' id='word_1_27' title='bbox 2681 892 2773 960; x_wconf 74' lang='lat' dir='ltr'>iu-</span> 
     </span>
     <span class='ocr_line' id='line_1_5' title="bbox 317 992 2773 1083; baseline 0.001 -21"><span class='ocrx_word' id='word_1_28' title='bbox 317 992 682 1063; x_wconf 91' lang='lat' dir='ltr'>diciorum</span> <span class='ocrx_word' id='word_1_29' title='bbox 734 995 1169 1081; x_wconf 56' lang='lat' dir='ltr'>praesertim</span> <span class='ocrx_word' id='word_1_30' title='bbox 1222 993 1570 1080; x_wconf 89' lang='lat' dir='ltr'>civilium,</span> <span class='ocrx_word' id='word_1_31' title='bbox 1618 993 1753 1063; x_wconf 88' lang='lat' dir='ltr'>sed</span> <span class='ocrx_word' id='word_1_32' title='bbox 1804 995 2007 1066; x_wconf 88' lang='lat' dir='ltr'>iuxta</span> <span class='ocrx_word' id='word_1_33' title='bbox 2058 1013 2158 1064; x_wconf 91' lang='lat' dir='ltr'>ss.</span> <span class='ocrx_word' id='word_1_34' title='bbox 2201 995 2564 1083; x_wconf 57' lang='lat' dir='ltr'>canones</span> <span class='ocrx_word' id='word_1_35' title='bbox 2613 1000 2773 1068; x_wconf 62' lang='lat' dir='ltr'>cita÷</span> 
     </span>
     <span class='ocr_line' id='line_1_6' title="bbox 318 1101 2769 1190; baseline 0.001 -20"><span class='ocrx_word' id='word_1_36' title='bbox 318 1107 471 1170; x_wconf 89' lang='lat' dir='ltr'>tam</span> <span class='ocrx_word' id='word_1_37' title='bbox 521 1119 581 1170; x_wconf 90' lang='lat' dir='ltr'>s.</span> <span class='ocrx_word' id='word_1_38' title='bbox 631 1119 730 1168; x_wconf 91' lang='lat' dir='ltr'>m.</span> <span class='ocrx_word' id='word_1_39' title='bbox 779 1101 1051 1171; x_wconf 89' lang='lat' dir='ltr'>Bened.</span> <span class='ocrx_word' id='word_1_40' title='bbox 1098 1101 1277 1170; x_wconf 91' lang='lat' dir='ltr'>XIV</span> <span class='ocrx_word' id='word_1_41' title='bbox 1331 1101 1960 1186; x_wconf 82' lang='lat' dir='ltr'>constitutionem,</span> <span class='ocrx_word' id='word_1_42' title='bbox 2010 1109 2085 1173; x_wconf 94' lang='lat' dir='ltr'>et</span> <span class='ocrx_word' id='word_1_43' title='bbox 2144 1110 2613 1190; x_wconf 79' lang='lat' dir='ltr'>praesentem</span> <span class='ocrx_word' id='word_1_44' title='bbox 2681 1108 2769 1172; x_wconf 80' lang='lat' dir='ltr'>in-</span> 
     </span>
     <span class='ocr_line' id='line_1_7' title="bbox 316 1207 2773 1297; baseline 0.002 -22"><span class='ocrx_word' id='word_1_45' title='bbox 316 1209 801 1277; x_wconf 80' lang='lat' dir='ltr'>structionem</span> <span class='ocrx_word' id='word_1_46' title='bbox 851 1213 1070 1278; x_wconf 87' lang='lat' dir='ltr'>erunt</span> <span class='ocrx_word' id='word_1_47' title='bbox 1114 1207 1607 1279; x_wconf 83' lang='lat' dir='ltr'>efformanda.</span> <span class='ocrx_word' id='word_1_48' title='bbox 1678 1211 1782 1279; x_wconf 91' lang='lat' dir='ltr'>Ea</span> <span class='ocrx_word' id='word_1_49' title='bbox 1832 1209 2078 1297; x_wconf 85' lang='lat' dir='ltr'>itaque</span> <span class='ocrx_word' id='word_1_50' title='bbox 2146 1229 2296 1278; x_wconf 91' lang='lat' dir='ltr'>non</span> <span class='ocrx_word' id='word_1_51' title='bbox 2370 1216 2773 1281; x_wconf 57' lang='lat' dir='ltr'>Vernaculw</span> 
     </span>
     <span class='ocr_line' id='line_1_8' title="bbox 317 1313 2773 1406; baseline 0.002 -22"><span class='ocrx_word' id='word_1_52' title='bbox 317 1313 454 1384; x_wconf 87' lang='lat' dir='ltr'>sed</span> <span class='ocrx_word' id='word_1_53' title='bbox 504 1314 726 1385; x_wconf 87' lang='lat' dir='ltr'>latino</span> <span class='ocrx_word' id='word_1_54' title='bbox 758 1333 1112 1385; x_wconf 87' lang='lat' dir='ltr'>sermone</span> <span class='ocrx_word' id='word_1_55' title='bbox 1144 1322 1363 1386; x_wconf 88' lang='lat' dir='ltr'>erunt</span> <span class='ocrx_word' id='word_1_56' title='bbox 1409 1316 1972 1403; x_wconf 87' lang='lat' dir='ltr'>conscribenda,</span> <span class='ocrx_word' id='word_1_57' title='bbox 2007 1319 2339 1406; x_wconf 85' lang='lat' dir='ltr'>exceptis</span> <span class='ocrx_word' id='word_1_58' title='bbox 2372 1325 2622 1389; x_wconf 89' lang='lat' dir='ltr'>tamen</span> <span class='ocrx_word' id='word_1_59' title='bbox 2657 1340 2773 1388; x_wconf 49' lang='lat' dir='ltr'>aaz*</span> 
     </span>
     <span class='ocr_line' id='line_1_9' title="bbox 315 1412 2773 1514; baseline 0.001 -20"><span class='ocrx_word' id='word_1_60' title='bbox 315 1424 695 1511; x_wconf 91' lang='lat' dir='ltr'>cipiendis,</span> <span class='ocrx_word' id='word_1_61' title='bbox 731 1424 1082 1493; x_wconf 82' lang='lat' dir='ltr'>nimirum</span> <span class='ocrx_word' id='word_1_62' title='bbox 1133 1424 1481 1511; x_wconf 80' lang='lat' dir='ltr'>articulis,</span> <span class='ocrx_word' id='word_1_63' title='bbox 1514 1423 2113 1513; x_wconf 89' lang='lat' dir='ltr'>interrogatoriis,</span> <span class='ocrx_word' id='word_1_64' title='bbox 2156 1412 2773 1514; x_wconf 63' lang='lat' dir='ltr'>responsionibus</span> 
     </span>
     <span class='ocr_line' id='line_1_10' title="bbox 316 1531 2765 1619; baseline -0.001 -17"><span class='ocrx_word' id='word_1_65' title='bbox 316 1533 411 1602; x_wconf 92' lang='lat' dir='ltr'>ad</span> <span class='ocrx_word' id='word_1_66' title='bbox 462 1551 573 1616; x_wconf 90' lang='lat' dir='ltr'>ea,</span> <span class='ocrx_word' id='word_1_67' title='bbox 623 1535 696 1601; x_wconf 88' lang='lat' dir='ltr'>et</span> <span class='ocrx_word' id='word_1_68' title='bbox 740 1532 1148 1619; x_wconf 90' lang='lat' dir='ltr'>peritorum</span> <span class='ocrx_word' id='word_1_69' title='bbox 1203 1531 1704 1618; x_wconf 83' lang='lat' dir='ltr'>relationibus3</span> <span class='ocrx_word' id='word_1_70' title='bbox 1752 1534 2194 1619; x_wconf 89' lang='lat' dir='ltr'>praesertim</span> <span class='ocrx_word' id='word_1_71' title='bbox 2243 1551 2424 1603; x_wconf 90' lang='lat' dir='ltr'>vero</span> <span class='ocrx_word' id='word_1_72' title='bbox 2478 1533 2765 1604; x_wconf 65' lang='lat' dir='ltr'>decretu</span> 
     </span>
     <span class='ocr_line' id='line_1_11' title="bbox 316 1636 2769 1725; baseline -0.002 -17"><span class='ocrx_word' id='word_1_73' title='bbox 316 1642 390 1708; x_wconf 93' lang='lat' dir='ltr'>et</span> <span class='ocrx_word' id='word_1_74' title='bbox 434 1638 831 1724; x_wconf 90' lang='lat' dir='ltr'>sententia,</span> <span class='ocrx_word' id='word_1_75' title='bbox 879 1656 1075 1725; x_wconf 85' lang='lat' dir='ltr'>quae</span> <span class='ocrx_word' id='word_1_76' title='bbox 1136 1638 1341 1708; x_wconf 85' lang='lat' dir='ltr'>iuxta</span> <span class='ocrx_word' id='word_1_77' title='bbox 1412 1636 1701 1725; x_wconf 90' lang='lat' dir='ltr'>priscos</span> <span class='ocrx_word' id='word_1_78' title='bbox 1772 1657 2028 1708; x_wconf 88' lang='lat' dir='ltr'>mores</span> <span class='ocrx_word' id='word_1_79' title='bbox 2096 1638 2230 1708; x_wconf 90' lang='lat' dir='ltr'>erit</span> <span class='ocrx_word' id='word_1_80' title='bbox 2288 1638 2769 1716; x_wconf 50' lang='lat' dir='ltr'>conficienda„</span> 
     </span>
     <span class='ocr_line' id='line_1_12' title="bbox 318 1744 2771 1833; baseline 0.002 -20"><span class='ocrx_word' id='word_1_81' title='bbox 318 1745 546 1815; x_wconf 90' lang='lat' dir='ltr'>latina</span> <span class='ocrx_word' id='word_1_82' title='bbox 592 1744 845 1833; x_wconf 90' lang='lat' dir='ltr'>lingua</span> <span class='ocrx_word' id='word_1_83' title='bbox 892 1744 1429 1814; x_wconf 85' lang='lat' dir='ltr'>exarabuntur.</span> <span class='ocrx_word' id='word_1_84' title='bbox 1479 1745 1877 1815; x_wconf 87' lang='lat' dir='ltr'>Praeterea</span> <span class='ocrx_word' id='word_1_85' title='bbox 1945 1764 2119 1814; x_wconf 93' lang='lat' dir='ltr'>cum</span> <span class='ocrx_word' id='word_1_86' title='bbox 2183 1765 2225 1815; x_wconf 89' lang='lat' dir='ltr'>a</span> <span class='ocrx_word' id='word_1_87' title='bbox 2288 1765 2506 1816; x_wconf 84' lang='lat' dir='ltr'>sacro</span> <span class='ocrx_word' id='word_1_88' title='bbox 2554 1748 2771 1817; x_wconf 60' lang='lat' dir='ltr'>Com:</span> 
     </span>
     <span class='ocr_line' id='line_1_13' title="bbox 319 1850 2765 1941; baseline -0.002 -19"><span class='ocrx_word' id='word_1_89' title='bbox 319 1852 482 1922; x_wconf 89' lang='lat' dir='ltr'>trid.</span> <span class='ocrx_word' id='word_1_90' title='bbox 532 1853 736 1938; x_wconf 64' lang='lat' dir='ltr'>(sess.</span> <span class='ocrx_word' id='word_1_91' title='bbox 771 1853 899 1938; x_wconf 78' lang='lat'>24)</span> <span class='ocrx_word' id='word_1_92' title='bbox 945 1872 1111 1941; x_wconf 78' lang='lat' dir='ltr'>cap.</span> <span class='ocrx_word' id='word_1_93' title='bbox 1147 1854 1265 1922; x_wconf 76' lang='lat'>20.</span> <span class='ocrx_word' id='word_1_94' title='bbox 1299 1851 1393 1921; x_wconf 83' lang='lat' dir='ltr'>de</span> <span class='ocrx_word' id='word_1_95' title='bbox 1424 1850 1563 1940; x_wconf 74' lang='lat' dir='ltr'>res.</span> <span class='ocrx_word' id='word_1_96' title='bbox 1596 1854 1639 1931; x_wconf 66' lang='grc' dir='ltr'><strong>ἓ</strong></span> <span class='ocrx_word' id='word_1_97' title='bbox 1670 1851 1776 1921; x_wconf 82' lang='lat' dir='ltr'>ad</span> <span class='ocrx_word' id='word_1_98' title='bbox 1807 1852 2046 1936; x_wconf 81' lang='lat' dir='ltr'>haec),</span> <span class='ocrx_word' id='word_1_99' title='bbox 2085 1871 2174 1926; x_wconf 88' lang='lat' dir='ltr'>ac</span> <span class='ocrx_word' id='word_1_100' title='bbox 2220 1854 2439 1922; x_wconf 86' lang='lat' dir='ltr'>etiam</span> <span class='ocrx_word' id='word_1_101' title='bbox 2489 1873 2532 1923; x_wconf 93' lang='lat' dir='ltr'>a</span> <span class='ocrx_word' id='word_1_102' title='bbox 2581 1873 2643 1923; x_wconf 89' lang='lat' dir='ltr'>s.</span> <span class='ocrx_word' id='word_1_103' title='bbox 2673 1876 2765 1924; x_wconf 73' lang='lat' dir='ltr'>ni-</span> 
     </span>
     <span class='ocr_line' id='line_1_14' title="bbox 317 1959 2773 2046; baseline -0 -17"><span class='ocrx_word' id='word_1_104' title='bbox 317 1960 592 2031; x_wconf 91' lang='lat' dir='ltr'>Bened.</span> <span class='ocrx_word' id='word_1_105' title='bbox 641 1960 818 2029; x_wconf 93' lang='lat' dir='ltr'>XIV</span> <span class='ocrx_word' id='word_1_106' title='bbox 891 1959 987 2046; x_wconf 91' lang='lat' dir='ltr'>(in</span> <span class='ocrx_word' id='word_1_107' title='bbox 1037 1960 1150 2030; x_wconf 91' lang='lat' dir='ltr'>cit.</span> <span class='ocrx_word' id='word_1_108' title='bbox 1198 1959 1498 2031; x_wconf 89' lang='lat' dir='ltr'>Constit.</span> <span class='ocrx_word' id='word_1_109' title='bbox 1565 1960 1707 2029; x_wconf 79' lang='lat' dir='ltr'>Dei</span> <span class='ocrx_word' id='word_1_110' title='bbox 1748 1959 2227 2029; x_wconf 79' lang='lat' dir='ltr'>miseratione</span> <span class='ocrx_word' id='word_1_111' title='bbox 2273 1963 2316 2045; x_wconf 65' lang='grc' dir='ltr'><strong>ἓ</strong></span> <span class='ocrx_word' id='word_1_112' title='bbox 2358 1962 2450 2046; x_wconf 83' lang='grc'>4.)</span> <span class='ocrx_word' id='word_1_113' title='bbox 2520 1982 2773 2032; x_wconf 57' lang='lat' dir='ltr'>causu-</span> 
     </span>
     <span class='ocr_line' id='line_1_15' title="bbox 317 2067 2773 2167; baseline 0 -31"><span class='ocrx_word' id='word_1_114' title='bbox 317 2087 488 2137; x_wconf 89' lang='lat' dir='ltr'>rum</span> <span class='ocrx_word' id='word_1_115' title='bbox 541 2067 1198 2138; x_wconf 78' lang='lat' dir='ltr'>matrimonialium</span> <span class='ocrx_word' id='word_1_116' title='bbox 1268 2068 1585 2157; x_wconf 82' lang='lat' dir='ltr'>cognitio</span> <span class='ocrx_word' id='word_1_117' title='bbox 1632 2068 2026 2167; x_wconf 72' lang='lat' dir='ltr'>quibusvis</span> <span class='ocrx_word' id='word_1_118' title='bbox 2074 2067 2440 2139; x_wconf 86' lang='lat' dir='ltr'>iudicibus</span> <span class='ocrx_word' id='word_1_119' title='bbox 2498 2067 2773 2139; x_wconf 53' lang='lat' dir='ltr'>inferlm</span> 
     </span>
     <span class='ocr_line' id='line_1_16' title="bbox 317 2175 2769 2264; baseline -0 -19"><span class='ocrx_word' id='word_1_120' title='bbox 317 2179 570 2264; x_wconf 86' lang='lat' dir='ltr'>ribus,</span> <span class='ocrx_word' id='word_1_121' title='bbox 620 2196 770 2246; x_wconf 91' lang='lat' dir='ltr'>non</span> <span class='ocrx_word' id='word_1_122' title='bbox 841 2177 1181 2247; x_wconf 88' lang='lat' dir='ltr'>obstante</span> <span class='ocrx_word' id='word_1_123' title='bbox 1249 2178 1521 2264; x_wconf 86' lang='lat' dir='ltr'>quovis</span> <span class='ocrx_word' id='word_1_124' title='bbox 1589 2175 1970 2264; x_wconf 90' lang='lat' dir='ltr'>privilegio</span> <span class='ocrx_word' id='word_1_125' title='bbox 2018 2195 2107 2246; x_wconf 88' lang='lat' dir='ltr'>ac</span> <span class='ocrx_word' id='word_1_126' title='bbox 2153 2177 2769 2264; x_wconf 37' lang='lat' dir='ltr'>praescriptionf-„</span> 
     </span>
     <span class='ocr_line' id='line_1_17' title="bbox 314 2281 2773 2371; baseline -0.001 -17"><span class='ocrx_word' id='word_1_127' title='bbox 314 2281 534 2354; x_wconf 80' lang='lat' dir='ltr'>fuerit</span> <span class='ocrx_word' id='word_1_128' title='bbox 577 2284 892 2371; x_wconf 88' lang='lat' dir='ltr'>sublata,</span> <span class='ocrx_word' id='word_1_129' title='bbox 941 2303 1028 2353; x_wconf 90' lang='lat' dir='ltr'>ac</span> <span class='ocrx_word' id='word_1_130' title='bbox 1075 2284 1621 2371; x_wconf 88' lang='lat' dir='ltr'>Episcoporum</span> <span class='ocrx_word' id='word_1_131' title='bbox 1670 2287 1955 2352; x_wconf 90' lang='lat' dir='ltr'>tantum</span> <span class='ocrx_word' id='word_1_132' title='bbox 2008 2284 2453 2353; x_wconf 88' lang='lat' dir='ltr'>examiniet</span> <span class='ocrx_word' id='word_1_133' title='bbox 2499 2285 2773 2352; x_wconf 77' lang='lat' dir='ltr'>iurisdi-</span> 
     </span>
     <span class='ocr_line' id='line_1_18' title="bbox 316 2388 2769 2479; baseline -0.002 -17"><span class='ocrx_word' id='word_1_134' title='bbox 316 2392 535 2462; x_wconf 88' lang='lat' dir='ltr'>ctioni</span> <span class='ocrx_word' id='word_1_135' title='bbox 585 2396 968 2461; x_wconf 88' lang='lat' dir='ltr'>reservata</span> <span class='ocrx_word' id='word_1_136' title='bbox 1014 2392 1234 2462; x_wconf 88' lang='lat' dir='ltr'>etiam</span> <span class='ocrx_word' id='word_1_137' title='bbox 1284 2410 1465 2479; x_wconf 85' lang='lat' dir='ltr'>prae</span> <span class='ocrx_word' id='word_1_138' title='bbox 1515 2390 1932 2460; x_wconf 87' lang='lat' dir='ltr'>Abbatibus</span> <span class='ocrx_word' id='word_1_139' title='bbox 1982 2408 2158 2459; x_wconf 90' lang='lat' dir='ltr'>vere</span> <span class='ocrx_word' id='word_1_140' title='bbox 2231 2388 2559 2476; x_wconf 74' lang='lat' dir='ltr'>Nullius,</span> <span class='ocrx_word' id='word_1_141' title='bbox 2616 2390 2769 2460; x_wconf 58' lang='lat' dir='ltr'>licet</span> 
     </span>
     <span class='ocr_line' id='line_1_19' title="bbox 316 2495 2773 2603; baseline -0.001 -36"><span class='ocrx_word' id='word_1_142' title='bbox 316 2497 771 2567; x_wconf 87' lang='lat' dir='ltr'>cardinalitia</span> <span class='ocrx_word' id='word_1_143' title='bbox 838 2498 1187 2584; x_wconf 80' lang='lat' dir='ltr'>dignitate</span> <span class='ocrx_word' id='word_1_144' title='bbox 1241 2495 1696 2603; x_wconf 69' lang='lat' dir='ltr'>fulgentibus</span> <span class='ocrx_word' id='word_1_145' title='bbox 1776 2497 1977 2566; x_wconf 85' lang='lat' dir='ltr'>iuxta</span> <span class='ocrx_word' id='word_1_146' title='bbox 2050 2515 2110 2565; x_wconf 91' lang='lat' dir='ltr'>s.</span> <span class='ocrx_word' id='word_1_147' title='bbox 2169 2496 2773 2584; x_wconf 76' lang='lat' dir='ltr'>Congregationis</span> 
     </span>
     <span class='ocr_line' id='line_1_20' title="bbox 317 2602 2773 2690; baseline -0.002 -15"><span class='ocrx_word' id='word_1_148' title='bbox 317 2604 835 2690; x_wconf 78' lang='lat' dir='ltr'>resolutioneS,</span> <span class='ocrx_word' id='word_1_149' title='bbox 885 2605 1056 2674; x_wconf 88' lang='lat' dir='ltr'>hinc</span> <span class='ocrx_word' id='word_1_150' title='bbox 1103 2605 1332 2674; x_wconf 89' lang='lat' dir='ltr'>tutius</span> <span class='ocrx_word' id='word_1_151' title='bbox 1380 2604 1533 2688; x_wconf 85' lang='lat' dir='ltr'>erit,</span> <span class='ocrx_word' id='word_1_152' title='bbox 1584 2609 1664 2673; x_wconf 92' lang='lat' dir='ltr'>ut</span> <span class='ocrx_word' id='word_1_153' title='bbox 1709 2604 1994 2673; x_wconf 89' lang='lat' dir='ltr'>nedum</span> <span class='ocrx_word' id='word_1_154' title='bbox 2053 2603 2415 2674; x_wconf 89' lang='lat' dir='ltr'>sententia</span> <span class='ocrx_word' id='word_1_155' title='bbox 2459 2602 2773 2690; x_wconf 68' lang='lat' dir='ltr'>profers-</span> 
     </span>
     <span class='ocr_line' id='line_1_21' title="bbox 313 2709 2773 2799; baseline -0.002 -17"><span class='ocrx_word' id='word_1_156' title='bbox 313 2717 455 2795; x_wconf 88' lang='lat' dir='ltr'>tur,</span> <span class='ocrx_word' id='word_1_157' title='bbox 502 2711 639 2780; x_wconf 87' lang='lat' dir='ltr'>sed</span> <span class='ocrx_word' id='word_1_158' title='bbox 688 2711 910 2781; x_wconf 88' lang='lat' dir='ltr'>etiam</span> <span class='ocrx_word' id='word_1_159' title='bbox 959 2719 1119 2782; x_wconf 90' lang='lat' dir='ltr'>acta</span> <span class='ocrx_word' id='word_1_160' title='bbox 1167 2729 1577 2799; x_wconf 87' lang='lat' dir='ltr'>processus</span> <span class='ocrx_word' id='word_1_161' title='bbox 1626 2728 1760 2795; x_wconf 91' lang='lat' dir='ltr'>per</span> <span class='ocrx_word' id='word_1_162' title='bbox 1806 2709 2261 2798; x_wconf 90' lang='lat' dir='ltr'>Episcopum</span> <span class='ocrx_word' id='word_1_163' title='bbox 2311 2710 2427 2780; x_wconf 92' lang='lat' dir='ltr'>vel</span> <span class='ocrx_word' id='word_1_164' title='bbox 2479 2728 2611 2797; x_wconf 90' lang='lat' dir='ltr'>per</span> <span class='ocrx_word' id='word_1_165' title='bbox 2669 2732 2773 2780; x_wconf 55' lang='lat' dir='ltr'>sle·-</span> 
     </span>
     <span class='ocr_line' id='line_1_22' title="bbox 315 2816 2773 2908; baseline -0.003 -17"><span class='ocrx_word' id='word_1_166' title='bbox 315 2820 804 2891; x_wconf 89' lang='lat' dir='ltr'>clesiasticam</span> <span class='ocrx_word' id='word_1_167' title='bbox 855 2836 1260 2907; x_wconf 88' lang='lat' dir='ltr'>personam</span> <span class='ocrx_word' id='word_1_168' title='bbox 1311 2816 1726 2905; x_wconf 89' lang='lat' dir='ltr'>specialiter</span> <span class='ocrx_word' id='word_1_169' title='bbox 1773 2816 1869 2886; x_wconf 90' lang='lat' dir='ltr'>ab</span> <span class='ocrx_word' id='word_1_170' title='bbox 1927 2835 2017 2885; x_wconf 92' lang='lat' dir='ltr'>eo</span> <span class='ocrx_word' id='word_1_171' title='bbox 2065 2816 2561 2908; x_wconf 79' lang='lat' dir='ltr'>delegandam</span> <span class='ocrx_word' id='word_1_172' title='bbox 2608 2835 2773 2885; x_wconf 67' lang='lat' dir='ltr'>ccn-</span> 
     </span>
     <span class='ocr_line' id='line_1_23' title="bbox 313 2926 681 2997; baseline -0.003 -2"><span class='ocrx_word' id='word_1_173' title='bbox 313 2926 681 2997; x_wconf 87' lang='lat' dir='ltr'>ficiantur.</span> 
     </span>
    </p>

    <p class='ocr_par' dir='ltr' id='par_1_3' title="bbox 313 3033 2773 4518">
     <span class='ocr_line' id='line_1_24' title="bbox 453 3033 2773 3124; baseline -0 -22"><span class='ocrx_word' id='word_1_174' title='bbox 453 3034 673 3104; x_wconf 89' lang='lat' dir='ltr'>Hisce</span> <span class='ocrx_word' id='word_1_175' title='bbox 721 3034 1177 3121; x_wconf 82' lang='lat' dir='ltr'>praemissiS,</span> <span class='ocrx_word' id='word_1_176' title='bbox 1227 3033 1519 3121; x_wconf 85' lang='lat' dir='ltr'>quoties</span> <span class='ocrx_word' id='word_1_177' title='bbox 1566 3033 1833 3121; x_wconf 81' lang='lat' dir='ltr'>aliquis</span> <span class='ocrx_word' id='word_1_178' title='bbox 1880 3053 1984 3104; x_wconf 80' lang='lat' dir='ltr'>ex</span> <span class='ocrx_word' id='word_1_179' title='bbox 2030 3033 2476 3124; x_wconf 87' lang='lat' dir='ltr'>coniugibus</span> <span class='ocrx_word' id='word_1_180' title='bbox 2507 3036 2773 3105; x_wconf 70' lang='lat' dir='ltr'>instan-</span> 
     </span>
     <span class='ocr_line' id='line_1_25' title="bbox 314 3139 2773 3228; baseline 0.002 -20"><span class='ocrx_word' id='word_1_181' title='bbox 314 3140 491 3209; x_wconf 89' lang='lat' dir='ltr'>tiam</span> <span class='ocrx_word' id='word_1_182' title='bbox 561 3139 633 3208; x_wconf 89' lang='lat' dir='ltr'>in</span> <span class='ocrx_word' id='word_1_183' title='bbox 696 3141 990 3228; x_wconf 88' lang='lat' dir='ltr'>scriptis</span> <span class='ocrx_word' id='word_1_184' title='bbox 1037 3140 1363 3228; x_wconf 83' lang='lat' dir='ltr'>porriget</span> <span class='ocrx_word' id='word_1_185' title='bbox 1407 3159 1640 3228; x_wconf 89' lang='lat' dir='ltr'>super</span> <span class='ocrx_word' id='word_1_186' title='bbox 1686 3141 2014 3210; x_wconf 82' lang='lat' dir='ltr'>nullitate</span> <span class='ocrx_word' id='word_1_187' title='bbox 2082 3142 2570 3228; x_wconf 90' lang='lat' dir='ltr'>matrimonii,</span> <span class='ocrx_word' id='word_1_188' title='bbox 2619 3143 2773 3228; x_wconf 81' lang='lat' dir='ltr'>Epi-</span> 
     </span>
     <span class='ocr_line' id='line_1_26' title="bbox 315 3246 2769 3337; baseline 0 -21"><span class='ocrx_word' id='word_1_189' title='bbox 315 3265 597 3335; x_wconf 89' lang='lat' dir='ltr'>scopus</span> <span class='ocrx_word' id='word_1_190' title='bbox 644 3247 995 3335; x_wconf 90' lang='lat' dir='ltr'>Iudicem,</span> <span class='ocrx_word' id='word_1_191' title='bbox 1042 3250 1105 3317; x_wconf 92' lang='lat' dir='ltr'>si</span> <span class='ocrx_word' id='word_1_192' title='bbox 1155 3246 1345 3335; x_wconf 84' lang='lat' dir='ltr'>velit,</span> <span class='ocrx_word' id='word_1_193' title='bbox 1393 3248 1784 3337; x_wconf 85' lang='lat' dir='ltr'>delegabit,</span> <span class='ocrx_word' id='word_1_194' title='bbox 1832 3248 2102 3319; x_wconf 89' lang='lat' dir='ltr'>deinde</span> <span class='ocrx_word' id='word_1_195' title='bbox 2156 3249 2316 3337; x_wconf 89' lang='lat' dir='ltr'>ipse</span> <span class='ocrx_word' id='word_1_196' title='bbox 2383 3250 2499 3318; x_wconf 92' lang='lat' dir='ltr'>vel</span> <span class='ocrx_word' id='word_1_197' title='bbox 2548 3251 2769 3320; x_wconf 52' lang='lat' dir='ltr'>iudsct:</span> 
     </span>
     <span class='ocr_line' id='line_1_27' title="bbox 317 3353 2769 3444; baseline -0.001 -22"><span class='ocrx_word' id='word_1_198' title='bbox 317 3353 709 3442; x_wconf 85' lang='lat' dir='ltr'>delegatus</span> <span class='ocrx_word' id='word_1_199' title='bbox 742 3354 946 3425; x_wconf 90' lang='lat' dir='ltr'>citari</span> <span class='ocrx_word' id='word_1_200' title='bbox 981 3356 1364 3426; x_wconf 87' lang='lat' dir='ltr'>mandabit</span> <span class='ocrx_word' id='word_1_201' title='bbox 1393 3354 1874 3425; x_wconf 81' lang='lat' dir='ltr'>Defensorem</span> <span class='ocrx_word' id='word_1_202' title='bbox 1902 3356 2368 3442; x_wconf 86' lang='lat' dir='ltr'>matrimonii,</span> <span class='ocrx_word' id='word_1_203' title='bbox 2402 3363 2769 3444; x_wconf 41' lang='lat' dir='ltr'>quatenus·</span> 
     </span>
     <span class='ocr_line' id='line_1_28' title="bbox 315 3462 2773 3551; baseline 0.001 -21"><span class='ocrx_word' id='word_1_204' title='bbox 315 3462 386 3530; x_wconf 90' lang='lat' dir='ltr'>in</span> <span class='ocrx_word' id='word_1_205' title='bbox 438 3462 655 3533; x_wconf 89' lang='lat' dir='ltr'>Curia</span> <span class='ocrx_word' id='word_1_206' title='bbox 704 3463 1107 3551; x_wconf 88' lang='lat' dir='ltr'>episcopali</span> <span class='ocrx_word' id='word_1_207' title='bbox 1158 3465 1301 3533; x_wconf 89' lang='lat' dir='ltr'>iam</span> <span class='ocrx_word' id='word_1_208' title='bbox 1356 3463 1756 3551; x_wconf 87' lang='lat' dir='ltr'>deputatus</span> <span class='ocrx_word' id='word_1_209' title='bbox 1804 3462 2086 3548; x_wconf 88' lang='lat' dir='ltr'>existat,</span> <span class='ocrx_word' id='word_1_210' title='bbox 2137 3464 2250 3531; x_wconf 92' lang='lat' dir='ltr'>sin</span> <span class='ocrx_word' id='word_1_211' title='bbox 2309 3465 2582 3550; x_wconf 88' lang='lat' dir='ltr'>minus,</span> <span class='ocrx_word' id='word_1_212' title='bbox 2629 3465 2773 3532; x_wconf 53' lang='grc' dir='ltr'>ἰὼν</span> 
     </span>
     <span class='ocr_line' id='line_1_29' title="bbox 315 3569 2773 3660; baseline -0.001 -22"><span class='ocrx_word' id='word_1_213' title='bbox 315 3587 546 3639; x_wconf 88' lang='lat' dir='ltr'>neum</span> <span class='ocrx_word' id='word_1_214' title='bbox 597 3569 843 3640; x_wconf 88' lang='lat' dir='ltr'>virum</span> <span class='ocrx_word' id='word_1_215' title='bbox 892 3570 1274 3659; x_wconf 88' lang='lat' dir='ltr'>deputabit</span> <span class='ocrx_word' id='word_1_216' title='bbox 1320 3571 1409 3639; x_wconf 90' lang='lat' dir='ltr'>iis</span> <span class='ocrx_word' id='word_1_217' title='bbox 1455 3569 1933 3658; x_wconf 85' lang='lat' dir='ltr'>qualitatibus</span> <span class='ocrx_word' id='word_1_218' title='bbox 1993 3577 2518 3659; x_wconf 87' lang='lat' dir='ltr'>praestantem,</span> <span class='ocrx_word' id='word_1_219' title='bbox 2580 3591 2773 3660; x_wconf 41' lang='lat' dir='ltr'>qiua.</span> 
     </span>
     <span class='ocr_line' id='line_1_30' title="bbox 316 3676 2769 3766; baseline -0 -21"><span class='ocrx_word' id='word_1_220' title='bbox 316 3677 667 3763; x_wconf 88' lang='lat' dir='ltr'>superius</span> <span class='ocrx_word' id='word_1_221' title='bbox 717 3684 1128 3748; x_wconf 90' lang='lat' dir='ltr'>memorata</span> <span class='ocrx_word' id='word_1_222' title='bbox 1179 3677 1476 3748; x_wconf 90' lang='lat' dir='ltr'>Constit.</span> <span class='ocrx_word' id='word_1_223' title='bbox 1524 3696 1584 3746; x_wconf 88' lang='lat' dir='ltr'>s.</span> <span class='ocrx_word' id='word_1_224' title='bbox 1636 3695 1733 3744; x_wconf 93' lang='lat' dir='ltr'>m.</span> <span class='ocrx_word' id='word_1_225' title='bbox 1783 3676 2156 3747; x_wconf 87' lang='lat' dir='ltr'>Benedicti</span> <span class='ocrx_word' id='word_1_226' title='bbox 2209 3678 2387 3746; x_wconf 88' lang='lat' dir='ltr'>XIV</span> <span class='ocrx_word' id='word_1_227' title='bbox 2449 3679 2769 3766; x_wconf 69' lang='lat' dir='ltr'>requirit,</span> 
     </span>
     <span class='ocr_line' id='line_1_31' title="bbox 315 3783 2769 3872; baseline 0 -20"><span class='ocrx_word' id='word_1_228' title='bbox 315 3801 647 3872; x_wconf 87' lang='lat' dir='ltr'>eumque</span> <span class='ocrx_word' id='word_1_229' title='bbox 692 3786 897 3856; x_wconf 88' lang='lat' dir='ltr'>citari</span> <span class='ocrx_word' id='word_1_230' title='bbox 943 3786 1345 3856; x_wconf 87' lang='lat' dir='ltr'>mandabit.</span> <span class='ocrx_word' id='word_1_231' title='bbox 1395 3783 1823 3855; x_wconf 84' lang='lat' dir='ltr'>Defensoris</span> <span class='ocrx_word' id='word_1_232' title='bbox 1872 3784 2316 3854; x_wconf 90' lang='lat' dir='ltr'>matrimonii</span> <span class='ocrx_word' id='word_1_233' title='bbox 2388 3787 2522 3855; x_wconf 92' lang='lat' dir='ltr'>erit</span> <span class='ocrx_word' id='word_1_234' title='bbox 2567 3804 2769 3872; x_wconf 52' lang='lat' dir='ltr'>prsis--</span> 
     </span>
     <span class='ocr_line' id='line_1_32' title="bbox 316 3888 2769 3980; baseline -0.001 -22"><span class='ocrx_word' id='word_1_235' title='bbox 316 3888 475 3960; x_wconf 82' lang='lat' dir='ltr'>fixa</span> <span class='ocrx_word' id='word_1_236' title='bbox 522 3891 640 3961; x_wconf 90' lang='lat' dir='ltr'>die</span> <span class='ocrx_word' id='word_1_237' title='bbox 686 3891 1045 3962; x_wconf 89' lang='lat' dir='ltr'>accedere</span> <span class='ocrx_word' id='word_1_238' title='bbox 1091 3893 1187 3962; x_wconf 89' lang='lat' dir='ltr'>ad</span> <span class='ocrx_word' id='word_1_239' title='bbox 1233 3892 1773 3980; x_wconf 87' lang='lat' dir='ltr'>praestandum</span> <span class='ocrx_word' id='word_1_240' title='bbox 1811 3892 2336 3978; x_wconf 90' lang='lat' dir='ltr'>iuramentum,</span> <span class='ocrx_word' id='word_1_241' title='bbox 2373 3911 2457 3961; x_wconf 89' lang='lat' dir='ltr'>se</span> <span class='ocrx_word' id='word_1_242' title='bbox 2490 3911 2769 3961; x_wconf 52' lang='lat' dir='ltr'>munus</span> 
     </span>
     <span class='ocr_line' id='line_1_33' title="bbox 313 3998 2769 4088; baseline 0.001 -22"><span class='ocrx_word' id='word_1_243' title='bbox 313 4015 545 4068; x_wconf 90' lang='lat' dir='ltr'>suum</span> <span class='ocrx_word' id='word_1_244' title='bbox 594 3998 979 4088; x_wconf 91' lang='lat' dir='ltr'>diligenter</span> <span class='ocrx_word' id='word_1_245' title='bbox 1024 4004 1097 4070; x_wconf 90' lang='lat' dir='ltr'>et</span> <span class='ocrx_word' id='word_1_246' title='bbox 1139 4000 1565 4087; x_wconf 88' lang='lat' dir='ltr'>incorrupte</span> <span class='ocrx_word' id='word_1_247' title='bbox 1611 4000 2112 4086; x_wconf 83' lang='lat' dir='ltr'>expleturum,</span> <span class='ocrx_word' id='word_1_248' title='bbox 2170 4004 2244 4069; x_wconf 84' lang='lat' dir='ltr'>et</span> <span class='ocrx_word' id='word_1_249' title='bbox 2289 4000 2538 4069; x_wconf 88' lang='lat' dir='ltr'>omnia</span> <span class='ocrx_word' id='word_1_250' title='bbox 2589 4019 2769 4068; x_wconf 49' lang='lat' dir='ltr'>voro</span> 
     </span>
     <span class='ocr_line' id='line_1_34' title="bbox 314 4107 2769 4197; baseline 0 -20"><span class='ocrx_word' id='word_1_251' title='bbox 314 4126 404 4177; x_wconf 89' lang='lat' dir='ltr'>ac</span> <span class='ocrx_word' id='word_1_252' title='bbox 451 4107 748 4195; x_wconf 89' lang='lat' dir='ltr'>scriptis</span> <span class='ocrx_word' id='word_1_253' title='bbox 806 4108 1328 4193; x_wconf 87' lang='lat' dir='ltr'>deducturum,</span> <span class='ocrx_word' id='word_1_254' title='bbox 1394 4127 1589 4197; x_wconf 87' lang='lat' dir='ltr'>quae</span> <span class='ocrx_word' id='word_1_255' title='bbox 1656 4107 1755 4178; x_wconf 89' lang='lat' dir='ltr'>ad</span> <span class='ocrx_word' id='word_1_256' title='bbox 1830 4108 2277 4179; x_wconf 87' lang='lat' dir='ltr'>validitatem</span> <span class='ocrx_word' id='word_1_257' title='bbox 2328 4109 2769 4178; x_wconf 68' lang='lat' dir='ltr'>matrimonii</span> 
     </span>
     <span class='ocr_line' id='line_1_35' title="bbox 316 4213 2773 4303; baseline -0 -20"><span class='ocrx_word' id='word_1_258' title='bbox 316 4215 833 4285; x_wconf 88' lang='lat' dir='ltr'>sustinendam</span> <span class='ocrx_word' id='word_1_259' title='bbox 853 4266 861 4275; x_wconf 89' lang='lat'>.</span> <span class='ocrx_word' id='word_1_260' title='bbox 881 4213 1223 4285; x_wconf 85' lang='lat' dir='ltr'>conferre</span> <span class='ocrx_word' id='word_1_261' title='bbox 1257 4220 1624 4303; x_wconf 90' lang='lat' dir='ltr'>poterunt.</span> <span class='ocrx_word' id='word_1_262' title='bbox 1654 4217 2042 4286; x_wconf 81' lang='lat' dir='ltr'>Praeterea</span> <span class='ocrx_word' id='word_1_263' title='bbox 2083 4216 2198 4285; x_wconf 89' lang='lat' dir='ltr'>hic</span> <span class='ocrx_word' id='word_1_264' title='bbox 2231 4214 2593 4286; x_wconf 84' lang='lat' dir='ltr'>Defensor</span> <span class='ocrx_word' id='word_1_265' title='bbox 2625 4235 2737 4284; x_wconf 61' lang='lat' dir='ltr'>nin</span> <span class='ocrx_word' id='word_1_266' title='bbox 2757 4256 2773 4264; x_wconf 84' lang='lat'>-</span> 
     </span>
     <span class='ocr_line' id='line_1_36' title="bbox 316 4313 2769 4411; baseline -0.001 -21"><span class='ocrx_word' id='word_1_267' title='bbox 316 4322 637 4391; x_wconf 88' lang='lat' dir='ltr'>trimonii</span> <span class='ocrx_word' id='word_1_268' title='bbox 682 4320 1027 4392; x_wconf 75' lang='lat' dir='ltr'>citandus</span> <span class='ocrx_word' id='word_1_269' title='bbox 1075 4322 1217 4392; x_wconf 75' lang='lat' dir='ltr'>crit</span> <span class='ocrx_word' id='word_1_270' title='bbox 1261 4321 1367 4392; x_wconf 84' lang='lat' dir='ltr'>ad</span> <span class='ocrx_word' id='word_1_271' title='bbox 1412 4313 1783 4411; x_wconf 77' lang='lat' dir='ltr'>quaelibet</span> <span class='ocrx_word' id='word_1_272' title='bbox 1827 4326 2032 4409; x_wconf 78' lang='lat' dir='ltr'>acta,</span> <span class='ocrx_word' id='word_1_273' title='bbox 2084 4343 2177 4392; x_wconf 81' lang='lat' dir='ltr'>ne</span> <span class='ocrx_word' id='word_1_274' title='bbox 2209 4322 2382 4393; x_wconf 78' lang='lat' dir='ltr'>vitio</span> <span class='ocrx_word' id='word_1_275' title='bbox 2414 4322 2769 4393; x_wconf 66' lang='lat' dir='ltr'>nullitots&#39;-:</span> 
     </span>
     <span class='ocr_line' id='line_1_37' title="bbox 316 4426 2769 4518; baseline 0.002 -22"><span class='ocrx_word' id='word_1_276' title='bbox 316 4426 484 4517; x_wconf 80' lang='lat' dir='ltr'>ipsa</span> <span class='ocrx_word' id='word_1_277' title='bbox 534 4426 918 4498; x_wconf 75' lang='lat' dir='ltr'>tabescant</span> <span class='ocrx_word' id='word_1_278' title='bbox 951 4427 995 4498; x_wconf 81' lang='lat'>².</span> <span class='ocrx_word' id='word_1_279' title='bbox 1044 4429 1209 4516; x_wconf 91' lang='lat' dir='ltr'>Ipsi,</span> <span class='ocrx_word' id='word_1_280' title='bbox 1278 4430 1405 4518; x_wconf 88' lang='lat' dir='ltr'>qui</span> <span class='ocrx_word' id='word_1_281' title='bbox 1470 4448 1607 4516; x_wconf 92' lang='lat' dir='ltr'>pro</span> <span class='ocrx_word' id='word_1_282' title='bbox 1654 4430 2117 4499; x_wconf 81' lang='lat' dir='ltr'>sacramenti</span> <span class='ocrx_word' id='word_1_283' title='bbox 2183 4430 2552 4501; x_wconf 85' lang='lat' dir='ltr'>validitate</span> <span class='ocrx_word' id='word_1_284' title='bbox 2612 4436 2769 4504; x_wconf 67' lang='lat' dir='ltr'>stat„</span> 
     </span>
    </p>
   </div>
   <div class='ocr_carea' id='block_1_3' title="bbox 450 4663 1198 4739">
    <p class='ocr_par' dir='ltr' id='par_1_4' title="bbox 450 4663 1198 4739">
     <span class='ocr_line' id='line_1_38' title="bbox 450 4663 1198 4739; baseline 0.007 -16"><span class='ocrx_word' id='word_1_285' title='bbox 450 4665 472 4703; x_wconf 90' lang='lat'><strong>¹</strong></span> <span class='ocrx_word' id='word_1_286' title='bbox 517 4663 612 4724; x_wconf 85' lang='lat' dir='ltr'>Ex</span> <span class='ocrx_word' id='word_1_287' title='bbox 654 4664 760 4727; x_wconf 88' lang='lat' dir='ltr'>cit.</span> <span class='ocrx_word' id='word_1_288' title='bbox 807 4665 1011 4726; x_wconf 84' lang='lat' dir='ltr'>Gonst.</span> <span class='ocrx_word' id='word_1_289' title='bbox 1055 4665 1092 4739; x_wconf 68' lang='grc' dir='ltr'><strong>ἓ</strong></span> <span class='ocrx_word' id='word_1_290' title='bbox 1138 4665 1198 4728; x_wconf 91' lang='grc'>7.</span> 
     </span>
    </p>
   </div>
  </div>
 </body>
</html>
