3509 5317
1307 428 1779 528 '-439-

380 608 455 674 et
499 613 874 692 quaenam
926 623 1188 673 eorum
1224 596 1494 691 causa;
1548 603 1747 674 unde
1793 605 2143 674 sciverint
2187 600 2381 692 quae
2418 604 2828 691 deponunt:

377 718 449 782 et
493 712 554 781 si
604 713 700 783 ab
755 713 1131 783 extraneis
1188 731 1274 781 ea
1323 713 1852 800 compererint,
1913 711 2297 801 quomodo
2332 712 2711 798 vocentur,
2760 726 2832 782 et.

377 820 684 889 ubinam
732 830 1314 890 commorentur.
1366 819 1876 908 Interrogandi
1940 839 2244 908 quoque
2289 819 2385 889 de
2416 816 2629 890 'fama
2674 827 2824 890 tani

375 928 575 1015 apud
624 929 830 1015 ipsos
876 947 1105 1016 quam
1156 928 1358 1015 apud
1408 927 1595 997 alios
1626 928 1823 998 circa
1870 933 2235 999 assertam
2293 946 2443 997 non
2484 947 2832 998 consum-

376 1036 800 1120 mationem,
851 1047 922 1105 et
966 1036 1535 1123 impotentiam.
1754 1126 1761 1130 ι

510 1143 582 1212 Si
633 1145 882 1229 partes
930 1143 1136 1229 ipsae
1198 1148 1328 1211 aut
1391 1148 1618 1212 testes
1672 1141 2190 1229 deposuerint,
2256 1142 2667 1228 pharmaca
2714 1142 2824 1210 vel

373 1250 701 1320 remedia
736 1249 1058 1320 adhibita
1106 1247 1355 1336 fuisse,
1403 1250 1819 1337 inquiratur
1863 1250 1958 1319 de
2004 1248 2296 1318 medico
2336 1247 2450 1318 vel
2500 1246 2824 1324 medicis„

374 1358 501 1446 qui
547 1358 667 1427 illa
702 1357 1333 1445 praescripserint,
1367 1357 1440 1425 in
1473 1356 1828 1426 iudicium
1866 1361 2243 1450 vocentur,
2276 1352 2349 1425 et
2383 1355 2828 1443 interrogen-

372 1470 493 1534 tur
537 1465 632 1534 de
678 1475 943 1535 natura
1005 1471 1078 1533 et
1130 1463 1477 1551 qualitate
1537 1463 1800 1549 morbi,
1861 1481 2013 1550 quo
2074 1462 2434 1550 coniuges
2491 1461 2824 1530 laborarii·

372 1571 892 1657 compererint,
940 1569 1034 1640 de
1095 1566 1744 1657 symptomatibus,
1796 1587 1895 1638 ex
1942 1569 2219 1656 quibus
2280 1567 2416 1654 ipsi
2478 1573 2820 1636 naturam

372 1678 613 1747 morbi
662 1678 1112 1747 deduxerint
1128 1696 1147 1763 3
1196 1676 1291 1745 de
1324 1676 1630 1764 physica
1669 1676 2187 1745 constitutione
2234 1674 2445 1760 illiue,
2496 1675 2612 1745 cui
2647 1678 2824 1745 assi-

373 1785 714 1855 stentiam
764 1772 1268 1870 praebuerunt
1288 1802 1307 1869 3
1375 1782 1469 1851 de
1533 1778 1796 1852 natura
1862 1782 2582 1852 medicamentorum
2630 1780 2826 1850 adhi=

374 1891 721 1978 bitorum,
773 1908 912 1960 nec
958 1909 1108 1959 non
1157 1888 1252 1958 de
1297 1889 1566 1960 effectu
1612 1890 1710 1959 ab
1743 1888 2003 1959 iisdem
2052 1887 2436 1976 producto.
2486 1886 2824 1958 Similitur

368 1997 935 2086 interrogentur,
974 1997 1223 2066 utrum
1273 1997 1398 2084 qui
1447 2015 1675 2066 curae
1713 1996 2045 2065 medicae
2078 1995 2461 2079 subiectus
2506 1992 2657 2079 fuit,
2711 1994 2820 2062 vel

370 2107 637 2194 aliquis
668 2105 861 2175 alius
907 2106 1043 2193 ipsi
1081 2103 1675 2190 manifestaverit,
1707 2104 2267 2173 matrimonium
2303 2110 2432 2172 aut
2476 2121 2625 2171 non
2660 2119 2824 2171 con=

371 2217 837 2282 summatum
872 2210 1126 2299 fuisse,
1161 2219 1471 2282 autnon
1505 2213 1838 2300 potuisse
1870 2211 2382 2280 consummari
2411 2234 2428 2290 ;
2475 2211 2651 2298 quid
2684 2210 2816 2297 ipsi

372 2319 691 2389 sentiant
736 2319 831 2388 de
879 2319 1002 2388 tali
1047 2327 1337 2389 asserta
1383 2337 1533 2388 non
1583 2317 2253 2402 consummatione,
2303 2319 2482 2405 quid
2528 2317 2667 2387 alii.

504 2425 985 2515 Singulorum
1037 2427 1334 2496 testium
1368 2425 1665 2514 expleto
1699 2426 2069 2511 examine,
2103 2425 2255 2493 duo
2286 2423 2549 2494 saltem
2587 2442 2686 2492 ex
2714 2442 2824 2492 ca-

369 2531 813 2602 lebrioribus
860 2534 1274 2603 medicinae
1320 2540 1391 2603 et
1458 2535 1879 2621 chirurgiae
1926 2532 2180 2620 peritis
2225 2532 2649 2621 seligantur,
2697 2534 2816 2619 qui

368 2657 646 2726 corpus
694 2640 827 2709 viri
878 2641 1282 2727 inspiciant,
1332 2641 1393 2709 si
1442 2641 1536 2711 de
1567 2641 1804 2728 ipsius
1836 2640 2263 2728 impotentia
2313 2639 2575 2726 agitur,
2625 2643 2696 2707 et
2727 2639 2824 2706 in-

368 2752 496 2818 xta
542 2748 857 2835 probata
901 2767 1087 2819 suae
1133 2749 1314 2818 artis
1345 2757 1741 2836 praecepta
1777 2747 2227 2833 examinent,
2278 2753 2533 2816 utrum
2582 2745 2678 2815 ad
2709 2764 2824 2814 cu-

372 2855 708 2924 eundum
759 2849 1032 2942 potens
1070 2857 1181 2925 sit.
1236 2859 1658 2944 Antequam
1709 2873 1905 2942 opus
1952 2855 2090 2923 sibi
2145 2855 2643 2923 commissum
2688 2853 2816 2922 in1=

375 2962 579 3049 plere
631 2963 1014 3051 incipiant,
1069 2965 1574 3034 iuramentum
1626 2970 2007 3052 praestent
2059 2962 2152 3032 de
2207 2979 2524 3032 munere
2590 2959 2816 3030 adim-

366 3069 639 3156 plendo
684 3088 860 3139 cum
893 3071 1097 3140 omni
1130 3071 1504 3161 diligentia
1534 3079 1606 3142 et
1636 3073 1730 3142 de
1754 3072 2022 3141 iudicio
2057 3068 2501 3158 proferendo
2533 3068 2820 3155 absqua

368 3174 519 3244 ullo
567 3169 890 3263 partium
923 3177 1188 3246 studio.
1233 3180 1602 3267 Quidquid
1650 3199 1749 3250 ex
1788 3177 1983 3250 facta
2034 3179 2487 3265 inspectione
2533 3173 2820 3244 detexff

374 3266 535 3369 rint,
585 3285 858 3371 scripto
906 3286 1336 3370 narrabunt,
1373 3283 1447 3356 et'
1473 3287 1798 3374 ingenue
1830 3286 2091 3373 dicent,
2125 3286 2474 3374 quidipsi
2506 3284 2820 3353 sentiant.

368 3387 463 3457 de
511 3389 703 3458 illius
736 3391 870 3458 viri
902 3391 1371 3478 impotentia:
1420 3398 1673 3462 utrum
1721 3412 1892 3462 eam
1925 3399 2185 3482 putent
2230 3392 2687 3481 acquisitam,
2723 3407 2812 3458 an

365 3495 809 3583 ingenitam,
857 3496 1304 3585 absolutam,
1341 3517 1437 3567 an
1480 3500 1888 3568 relativam.
1938 3501 2143 3570 Haec
2190 3503 2461 3587 scripta
2511 3502 2608 3570 ab
2639 3502 2816 3589 ipsi?-

363 3602 782 3671 iuramento
828 3602 1124 3673 firmata
1172 3605 1611 3674 cancellario
1658 3606 2063 3692 tradentur,
2123 3611 2203 3675 ut
2261 3607 2450 3676 inter
2497 3612 2659 3678 acta
2716 3626 2816 3678 re—

367 3715 839 3779 censeantur.v

423 3823 427 3828 ’
493 3818 604 3886 48.
655 3815 998 3886 Similiter
1045 3817 1242 3888 duae
1288 3819 1652 3908 eligantur
1699 3822 2133 3892 obstetrices
2166 3823 2234 3890 in
2279 3830 2436 3892 arte
2482 3828 2556 3893 et
2599 3826 2812 3911 praxi

365 3924 752 4011 peritiores
797 3942 886 3994 ac
932 3925 1177 3995 bonae
1207 3924 1473 4014 famae,
1524 3928 1799 4015 quibus
1828 3937 1999 4016 post
2034 3931 2398 4001 emissum
2450 3931 2816 4000 iuramen-

362 4035 520 4099 tum
570 4031 666 4099 de
712 4046 1029 4100 munere
1060 4030 1371 4102 fideliter
1402 4035 1880 4123 adimplendo
1913 4038 2414 4107 committatur
2459 4037 2813 4124 inspectio

360 4141 698 4228 corporis
746 4141 1100 4211 mulieris.
1164 4143 1355 4213 Istae
1402 4145 1837 4215 obstetrices
1882 4167 1927 4217 a
1975 4147 2276 4217 duobus
2337 4147 2600 4217 saltem
2636 4150 2816 4234 peria

359 4245 470 4333 tis,
523 4264 672 4316 uno
721 4246 1031 4334 medic0‚
1082 4248 1312 4318 altero
1360 4251 1730 4341 chirurgO,
1781 4259 2001 4324 erunt
2044 4255 2523 4325 instruendae
2570 4254 2665 4324 de
2712 4273 2812 4322 re

359 4362 883 4449 cognoscendo
931 4366 1127 4431 statu
1176 4364 1486 4451 physico
1521 4367 1873 4454 mulieris,
1909 4373 2134 4453 prout
2179 4366 2592 4436 medicinae
2626 4365 2812 4452 lega-

361 4468 448 4537 lis
493 4473 888 4555 praecepta
937 4465 1201 4539 ferunt.
1250 4472 1529 4544 Deinde
1576 4493 2078 4563 unaquaeque
2125 4491 2390 4544 earum
2423 4482 2808 4558 seorsum,

359 4593 556 4663 quae
587 4576 942 4663 repererit
970 4577 1116 4646 sub
1145 4578 1540 4650 iuramenti
1571 4579 1722 4652 flde
1753 4583 1827 4651 in
1875 4582 2166 4669 scriptis
2196 4587 2326 4652 aut
2354 4580 2620 4652 saltem
2653 4598 2804 4650 ora*
