<?xml version="1.0" encoding="UTF-8"?>
<!DOCTYPE html PUBLIC "-//W3C//DTD XHTML 1.0 Transitional//EN"
    "http://www.w3.org/TR/xhtml1/DTD/xhtml1-transitional.dtd">
<html xmlns="http://www.w3.org/1999/xhtml" xml:lang="en" lang="en">
 <head>
  <title>
</title>
<meta http-equiv="Content-Type" content="text/html;charset=utf-8" />
  <meta name='ocr-system' content='tesseract 3.04.00' />
  <meta name='ocr-capabilities' content='ocr_page ocr_carea ocr_par ocr_line ocrx_word'/>
</head>
<body>
  <div class='ocr_page' id='page_1' title='image "./decausismatrimo00mansgoog_0163.png"; bbox 0 0 3509 5317; ppageno 0'>
   <div class='ocr_carea' id='block_1_1' title="bbox 1391 513 1746 574">
    <p class='ocr_par' dir='ltr' id='par_1_1' title="bbox 1391 513 1746 574">
     <span class='ocr_line' id='line_1_1' title="bbox 1391 513 1746 574; baseline -0.003 0"><span class='ocrx_word' id='word_1_1' title='bbox 1391 546 1467 561; x_wconf 91' lang='lat'>—</span> <span class='ocrx_word' id='word_1_2' title='bbox 1514 513 1746 574; x_wconf 85' lang='lat'>149—</span> 
     </span>
    </p>
   </div>
   <div class='ocr_carea' id='block_1_2' title="bbox 320 648 2816 3848">
    <p class='ocr_par' dir='ltr' id='par_1_2' title="bbox 320 648 2808 845">
     <span class='ocr_line' id='line_1_2' title="bbox 320 648 2808 739; baseline -0.002 -19"><span class='ocrx_word' id='word_1_3' title='bbox 320 648 410 720; x_wconf 78' lang='lat' dir='ltr'>in</span> <span class='ocrx_word' id='word_1_4' title='bbox 460 649 753 720; x_wconf 70' lang='lat' dir='ltr'>eat-teris</span> <span class='ocrx_word' id='word_1_5' title='bbox 804 649 1025 719; x_wconf 70' lang='lat' dir='ltr'>terris</span> <span class='ocrx_word' id='word_1_6' title='bbox 1072 648 1414 739; x_wconf 73' lang='lat' dir='ltr'><em>inquirit,</em></span> <span class='ocrx_word' id='word_1_7' title='bbox 1451 658 1554 722; x_wconf 74' lang='lat' dir='ltr'>‚ut</span> <span class='ocrx_word' id='word_1_8' title='bbox 1583 670 1681 721; x_wconf 86' lang='lat' dir='ltr'>ex</span> <span class='ocrx_word' id='word_1_9' title='bbox 1713 653 1874 721; x_wconf 90' lang='lat' dir='ltr'>iure</span> <span class='ocrx_word' id='word_1_10' title='bbox 1906 652 2503 739; x_wconf 77' lang='lat' dir='ltr'>deprehenditur,</span> <span class='ocrx_word' id='word_1_11' title='bbox 2552 658 2626 723; x_wconf 91' lang='lat' dir='ltr'>et</span> <span class='ocrx_word' id='word_1_12' title='bbox 2670 653 2808 720; x_wconf 49' lang='lat' dir='ltr'>hstis*</span> 
     </span>
     <span class='ocr_line' id='line_1_3' title="bbox 320 757 2690 845; baseline -0.002 -19"><span class='ocrx_word' id='word_1_13' title='bbox 320 758 496 827; x_wconf 83' lang='lat' dir='ltr'>sive</span> <span class='ocrx_word' id='word_1_14' title='bbox 545 758 695 827; x_wconf 89' lang='lat' dir='ltr'>iam</span> <span class='ocrx_word' id='word_1_15' title='bbox 742 758 995 828; x_wconf 82' lang='lat' dir='ltr'>statuit</span> <span class='ocrx_word' id='word_1_16' title='bbox 1041 758 1166 827; x_wconf 91' lang='lat' dir='ltr'>ubi</span> <span class='ocrx_word' id='word_1_17' title='bbox 1215 760 1478 829; x_wconf 88' lang='lat' dir='ltr'>sedem</span> <span class='ocrx_word' id='word_1_18' title='bbox 1528 759 2034 829; x_wconf 79' lang='lat' dir='ltr'>collocaturus</span> <span class='ocrx_word' id='word_1_19' title='bbox 2080 760 2189 845; x_wconf 87' lang='lat' dir='ltr'>sit,</span> <span class='ocrx_word' id='word_1_20' title='bbox 2240 758 2399 827; x_wconf 86' lang='lat' dir='ltr'>sive</span> <span class='ocrx_word' id='word_1_21' title='bbox 2445 775 2596 826; x_wconf 87' lang='lat' dir='ltr'>non</span> <span class='ocrx_word' id='word_1_22' title='bbox 2648 757 2690 821; x_wconf 80' lang='lat'>².</span> 
     </span>
    </p>

    <p class='ocr_par' dir='ltr' id='par_1_3' title="bbox 322 860 2808 1039">
     <span class='ocr_line' id='line_1_4' title="bbox 496 860 2808 950; baseline 0 -22"><span class='ocrx_word' id='word_1_23' title='bbox 496 861 880 950; x_wconf 73' lang='lat' dir='ltr'>Vaqor’um</span> <span class='ocrx_word' id='word_1_24' title='bbox 924 867 1179 931; x_wconf 87' lang='lat' dir='ltr'>autem</span> <span class='ocrx_word' id='word_1_25' title='bbox 1247 863 1634 950; x_wconf 75' lang='lat' dir='ltr'>parochus</span> <span class='ocrx_word' id='word_1_26' title='bbox 1682 863 1747 930; x_wconf 89' lang='lat' dir='ltr'>is</span> <span class='ocrx_word' id='word_1_27' title='bbox 1824 860 2130 931; x_wconf 66' lang='lat' dir='ltr'>dicitur·</span> <span class='ocrx_word' id='word_1_28' title='bbox 2160 863 2232 929; x_wconf 90' lang='lat' dir='ltr'>in</span> <span class='ocrx_word' id='word_1_29' title='bbox 2281 862 2497 931; x_wconf 90' lang='lat' dir='ltr'>cuius</span> <span class='ocrx_word' id='word_1_30' title='bbox 2544 860 2808 929; x_wconf 63' lang='lat' dir='ltr'>dition÷=</span> 
     </span>
     <span class='ocr_line' id='line_1_5' title="bbox 322 967 964 1039; baseline -0.002 -2"><span class='ocrx_word' id='word_1_31' title='bbox 322 969 430 1037; x_wconf 87' lang='lat' dir='ltr'>illi</span> <span class='ocrx_word' id='word_1_32' title='bbox 483 975 884 1039; x_wconf 86' lang='lat' dir='ltr'>versantur</span> <span class='ocrx_word' id='word_1_33' title='bbox 917 967 964 1036; x_wconf 82' lang='lat'>².</span> 
     </span>
    </p>

    <p class='ocr_par' dir='ltr' id='par_1_4' title="bbox 325 1075 2812 1574">
     <span class='ocr_line' id='line_1_6' title="bbox 467 1075 2812 1165; baseline -0.002 -20"><span class='ocrx_word' id='word_1_34' title='bbox 467 1079 580 1145; x_wconf 87' lang='lat'>23.</span> <span class='ocrx_word' id='word_1_35' title='bbox 632 1077 1126 1146; x_wconf 86' lang='lat' dir='ltr'>Statuendurn</span> <span class='ocrx_word' id='word_1_36' title='bbox 1175 1075 1538 1162; x_wconf 74' lang='lat' dir='ltr'>secunde,</span> <span class='ocrx_word' id='word_1_37' title='bbox 1600 1082 1784 1165; x_wconf 76' lang='lat' dir='ltr'>quot</span> <span class='ocrx_word' id='word_1_38' title='bbox 1843 1082 1915 1145; x_wconf 88' lang='lat' dir='ltr'>et</span> <span class='ocrx_word' id='word_1_39' title='bbox 1971 1076 2230 1164; x_wconf 76' lang='lat' dir='ltr'>quates</span> <span class='ocrx_word' id='word_1_40' title='bbox 2298 1080 2516 1145; x_wconf 76' lang='lat' dir='ltr'>testes</span> <span class='ocrx_word' id='word_1_41' title='bbox 2574 1080 2812 1146; x_wconf 25' lang='lat' dir='ltr'>matri-w</span> 
     </span>
     <span class='ocr_line' id='line_1_7' title="bbox 325 1182 2800 1273; baseline -0.003 -22"><span class='ocrx_word' id='word_1_42' title='bbox 325 1184 593 1252; x_wconf 89' lang='lat' dir='ltr'>monio</span> <span class='ocrx_word' id='word_1_43' title='bbox 639 1182 910 1253; x_wconf 89' lang='lat' dir='ltr'>adesse</span> <span class='ocrx_word' id='word_1_44' title='bbox 957 1185 1296 1254; x_wconf 89' lang='lat' dir='ltr'>debeant.</span> <span class='ocrx_word' id='word_1_45' title='bbox 1352 1185 1717 1254; x_wconf 80' lang='lat' dir='ltr'>«Praeter</span> <span class='ocrx_word' id='word_1_46' title='bbox 1762 1184 2182 1273; x_wconf 87' lang='lat' dir='ltr'>parochum</span> <span class='ocrx_word' id='word_1_47' title='bbox 2230 1184 2712 1271; x_wconf 87' lang='lat' dir='ltr'>requiruntur</span> <span class='ocrx_word' id='word_1_48' title='bbox 2744 1192 2800 1248; x_wconf 57' lang='lat' dir='ltr'>vl</span> 
     </span>
     <span class='ocr_line' id='line_1_8' title="bbox 326 1287 2812 1378; baseline -0.002 -20"><span class='ocrx_word' id='word_1_49' title='bbox 326 1289 725 1359; x_wconf 86' lang='lat' dir='ltr'>sufficiunt</span> <span class='ocrx_word' id='word_1_50' title='bbox 769 1290 921 1358; x_wconf 91' lang='lat' dir='ltr'>duo</span> <span class='ocrx_word' id='word_1_51' title='bbox 968 1295 1198 1360; x_wconf 91' lang='lat' dir='ltr'>testes</span> <span class='ocrx_word' id='word_1_52' title='bbox 1230 1312 1292 1359; x_wconf 70' lang='grc' dir='ltr'>ι».</span> <span class='ocrx_word' id='word_1_53' title='bbox 1343 1291 1653 1360; x_wconf 79' lang='lat' dir='ltr'>Constat</span> <span class='ocrx_word' id='word_1_54' title='bbox 1695 1310 1795 1360; x_wconf 88' lang='lat' dir='ltr'>ex</span> <span class='ocrx_word' id='word_1_55' title='bbox 1841 1290 2268 1360; x_wconf 79' lang='lat' dir='ltr'>Tridentino</span> <span class='ocrx_word' id='word_1_56' title='bbox 2317 1287 2361 1377; x_wconf 86' lang='lat'>⁸,</span> <span class='ocrx_word' id='word_1_57' title='bbox 2420 1289 2623 1378; x_wconf 90' lang='lat' dir='ltr'>quod</span> <span class='ocrx_word' id='word_1_58' title='bbox 2670 1296 2812 1360; x_wconf 65' lang='lat' dir='ltr'>exi-</span> 
     </span>
     <span class='ocr_line' id='line_1_9' title="bbox 326 1396 2812 1486; baseline -0.001 -19"><span class='ocrx_word' id='word_1_59' title='bbox 326 1397 459 1486; x_wconf 82' lang='lat' dir='ltr'>git,</span> <span class='ocrx_word' id='word_1_60' title='bbox 515 1402 595 1467; x_wconf 89' lang='lat' dir='ltr'>ut</span> <span class='ocrx_word' id='word_1_61' title='bbox 638 1397 792 1466; x_wconf 91' lang='lat' dir='ltr'>duo</span> <span class='ocrx_word' id='word_1_62' title='bbox 838 1396 957 1465; x_wconf 88' lang='lat' dir='ltr'>vel</span> <span class='ocrx_word' id='word_1_63' title='bbox 1007 1409 1160 1467; x_wconf 89' lang='lat' dir='ltr'>tres</span> <span class='ocrx_word' id='word_1_64' title='bbox 1206 1403 1442 1469; x_wconf 89' lang='lat' dir='ltr'>testes</span> <span class='ocrx_word' id='word_1_65' title='bbox 1502 1417 1878 1468; x_wconf 76' lang='lat' dir='ltr'>una-cum</span> <span class='ocrx_word' id='word_1_66' title='bbox 1942 1397 2275 1484; x_wconf 85' lang='lat' dir='ltr'>parocho</span> <span class='ocrx_word' id='word_1_67' title='bbox 2343 1398 2812 1467; x_wconf 58' lang='lat' dir='ltr'>matrimonim</span> 
     </span>
     <span class='ocr_line' id='line_1_10' title="bbox 327 1505 939 1574; baseline 0 -2"><span class='ocrx_word' id='word_1_68' title='bbox 327 1505 694 1574; x_wconf 80' lang='lat' dir='ltr'>intersint.</span> <span class='ocrx_word' id='word_1_69' title='bbox 934 1522 939 1528; x_wconf 89' lang='lat'><em>·</em></span> 
     </span>
    </p>

    <p class='ocr_par' dir='ltr' id='par_1_5' title="bbox 325 1611 2814 2774">
     <span class='ocr_line' id='line_1_11' title="bbox 473 1611 2812 1702; baseline -0.002 -21"><span class='ocrx_word' id='word_1_70' title='bbox 473 1613 590 1682; x_wconf 89' lang='lat' dir='ltr'>Ad</span> <span class='ocrx_word' id='word_1_71' title='bbox 639 1616 939 1684; x_wconf 89' lang='lat' dir='ltr'>testium</span> <span class='ocrx_word' id='word_1_72' title='bbox 989 1611 1435 1701; x_wconf 79' lang='lat' dir='ltr'>qualitatem</span> <span class='ocrx_word' id='word_1_73' title='bbox 1469 1613 1671 1701; x_wconf 88' lang='lat' dir='ltr'>quod</span> <span class='ocrx_word' id='word_1_74' title='bbox 1721 1614 1995 1684; x_wconf 84' lang='lat' dir='ltr'>attinet:</span> <span class='ocrx_word' id='word_1_75' title='bbox 2048 1637 2086 1678; x_wconf 80' lang='lat'>«</span> <span class='ocrx_word' id='word_1_76' title='bbox 2119 1614 2563 1702; x_wconf 88' lang='lat' dir='ltr'>Requiritur,</span> <span class='ocrx_word' id='word_1_77' title='bbox 2613 1616 2695 1681; x_wconf 94' lang='lat' dir='ltr'>ut</span> <span class='ocrx_word' id='word_1_78' title='bbox 2728 1620 2812 1676; x_wconf 57' lang='lat' dir='ltr'>tv-</span> 
     </span>
     <span class='ocr_line' id='line_1_12' title="bbox 327 1717 2808 1809; baseline -0.003 -19"><span class='ocrx_word' id='word_1_79' title='bbox 327 1726 517 1806; x_wconf 77' lang='lat' dir='ltr'>steS,</span> <span class='ocrx_word' id='word_1_80' title='bbox 565 1720 692 1809; x_wconf 92' lang='lat' dir='ltr'>qui</span> <span class='ocrx_word' id='word_1_81' title='bbox 746 1719 1113 1808; x_wconf 91' lang='lat' dir='ltr'>coniugali</span> <span class='ocrx_word' id='word_1_82' title='bbox 1183 1720 1592 1790; x_wconf 88' lang='lat' dir='ltr'>contractui</span> <span class='ocrx_word' id='word_1_83' title='bbox 1654 1720 2033 1802; x_wconf 88' lang='lat' dir='ltr'>assistunt,</span> <span class='ocrx_word' id='word_1_84' title='bbox 2081 1722 2227 1789; x_wconf 88' lang='lat' dir='ltr'>sint</span> <span class='ocrx_word' id='word_1_85' title='bbox 2289 1737 2430 1789; x_wconf 77' lang='lat' dir='ltr'>asu</span> <span class='ocrx_word' id='word_1_86' title='bbox 2498 1717 2808 1787; x_wconf 42' lang='lat' dir='ltr'>ratibus..</span> 
     </span>
     <span class='ocr_line' id='line_1_13' title="bbox 325 1825 2808 1918; baseline -0.003 -22"><span class='ocrx_word' id='word_1_87' title='bbox 325 1826 697 1917; x_wconf 77' lang='lat' dir='ltr'>praediti,</span> <span class='ocrx_word' id='word_1_88' title='bbox 751 1834 834 1897; x_wconf 90' lang='lat' dir='ltr'>ut</span> <span class='ocrx_word' id='word_1_89' title='bbox 863 1825 1268 1915; x_wconf 79' lang='lat' dir='ltr'>intelligant</span> <span class='ocrx_word' id='word_1_90' title='bbox 1315 1833 1386 1894; x_wconf 89' lang='lat' dir='ltr'>et</span> <span class='ocrx_word' id='word_1_91' title='bbox 1437 1827 1831 1896; x_wconf 87' lang='lat' dir='ltr'>advertant</span> <span class='ocrx_word' id='word_1_92' title='bbox 1869 1828 2045 1915; x_wconf 87' lang='lat' dir='ltr'>quid</span> <span class='ocrx_word' id='word_1_93' title='bbox 2080 1832 2365 1918; x_wconf 83' lang='lat' dir='ltr'>agatur.</span> <span class='ocrx_word' id='word_1_94' title='bbox 2397 1864 2442 1877; x_wconf 91' lang='lat'>-</span> <span class='ocrx_word' id='word_1_95' title='bbox 2471 1827 2808 1896; x_wconf 69' lang='lat' dir='ltr'>Ceterum</span> 
     </span>
     <span class='ocr_line' id='line_1_14' title="bbox 332 1933 2812 2022; baseline -0.002 -20"><span class='ocrx_word' id='word_1_96' title='bbox 332 1953 495 2002; x_wconf 90' lang='lat' dir='ltr'>non</span> <span class='ocrx_word' id='word_1_97' title='bbox 547 1933 961 2022; x_wconf 83' lang='lat' dir='ltr'>requiritur,</span> <span class='ocrx_word' id='word_1_98' title='bbox 1014 1941 1094 2003; x_wconf 88' lang='lat' dir='ltr'>ut</span> <span class='ocrx_word' id='word_1_99' title='bbox 1138 1934 1286 2001; x_wconf 88' lang='lat' dir='ltr'>sint</span> <span class='ocrx_word' id='word_1_100' title='bbox 1337 1934 1541 2002; x_wconf 91' lang='lat' dir='ltr'>omni</span> <span class='ocrx_word' id='word_1_101' title='bbox 1593 1935 2032 2020; x_wconf 85' lang='lat' dir='ltr'>exceptione</span> <span class='ocrx_word' id='word_1_102' title='bbox 2101 1936 2445 2019; x_wconf 79' lang='lat' dir='ltr'>maioreS,</span> <span class='ocrx_word' id='word_1_103' title='bbox 2492 1934 2627 2002; x_wconf 92' lang='lat' dir='ltr'>sed</span> <span class='ocrx_word' id='word_1_104' title='bbox 2676 1936 2812 2001; x_wconf 69' lang='lat' dir='ltr'>sul·-</span> 
     </span>
     <span class='ocr_line' id='line_1_15' title="bbox 328 2041 2808 2130; baseline -0.001 -19"><span class='ocrx_word' id='word_1_105' title='bbox 328 2041 603 2112; x_wconf 85' lang='lat' dir='ltr'>flciunt</span> <span class='ocrx_word' id='word_1_106' title='bbox 647 2042 1264 2130; x_wconf 86' lang='lat' dir='ltr'>qualescumque.</span> <span class='ocrx_word' id='word_1_107' title='bbox 1317 2041 1538 2112; x_wconf 92' lang='lat' dir='ltr'>Unde</span> <span class='ocrx_word' id='word_1_108' title='bbox 1586 2043 1807 2111; x_wconf 89' lang='lat' dir='ltr'>etiam</span> <span class='ocrx_word' id='word_1_109' title='bbox 1845 2042 2295 2129; x_wconf 88' lang='lat' dir='ltr'>impuberes,</span> <span class='ocrx_word' id='word_1_110' title='bbox 2330 2041 2667 2127; x_wconf 86' lang='lat' dir='ltr'>feminae,</span> <span class='ocrx_word' id='word_1_111' title='bbox 2695 2060 2808 2124; x_wconf 43' lang='lat' dir='ltr'>par</span> 
     </span>
     <span class='ocr_line' id='line_1_16' title="bbox 333 2149 2814 2238; baseline -0.002 -21"><span class='ocrx_word' id='word_1_112' title='bbox 333 2153 615 2234; x_wconf 89' lang='lat' dir='ltr'>rentes,</span> <span class='ocrx_word' id='word_1_113' title='bbox 664 2149 1225 2237; x_wconf 83' lang='lat' dir='ltr'>consanguinei,</span> <span class='ocrx_word' id='word_1_114' title='bbox 1280 2150 1694 2233; x_wconf 85' lang='lat' dir='ltr'>domestici,</span> <span class='ocrx_word' id='word_1_115' title='bbox 1744 2150 1962 2235; x_wconf 89' lang='lat' dir='ltr'>servi,</span> <span class='ocrx_word' id='word_1_116' title='bbox 2012 2149 2351 2238; x_wconf 87' lang='lat' dir='ltr'>religiosi,</span> <span class='ocrx_word' id='word_1_117' title='bbox 2385 2166 2814 2219; x_wconf 64' lang='lat' dir='ltr'>excommw</span> 
     </span>
     <span class='ocr_line' id='line_1_17' title="bbox 333 2254 2808 2342; baseline -0.004 -16"><span class='ocrx_word' id='word_1_118' title='bbox 333 2258 582 2342; x_wconf 91' lang='lat' dir='ltr'>nicati,</span> <span class='ocrx_word' id='word_1_119' title='bbox 635 2254 969 2341; x_wconf 79' lang='lat' dir='ltr'>infameS,</span> <span class='ocrx_word' id='word_1_120' title='bbox 1018 2255 1358 2326; x_wconf 83' lang='lat' dir='ltr'>infideles</span> <span class='ocrx_word' id='word_1_121' title='bbox 1413 2257 1814 2342; x_wconf 82' lang='lat' dir='ltr'>sufficiunt,</span> <span class='ocrx_word' id='word_1_122' title='bbox 1865 2266 1948 2327; x_wconf 92' lang='lat' dir='ltr'>ut</span> <span class='ocrx_word' id='word_1_123' title='bbox 1991 2276 2248 2326; x_wconf 88' lang='lat' dir='ltr'>coram</span> <span class='ocrx_word' id='word_1_124' title='bbox 2297 2257 2436 2326; x_wconf 90' lang='lat' dir='ltr'>illis</span> <span class='ocrx_word' id='word_1_125' title='bbox 2480 2260 2808 2325; x_wconf 65' lang='lat' dir='ltr'>contrahi</span> 
     </span>
     <span class='ocr_line' id='line_1_18' title="bbox 336 2364 2812 2452; baseline 0.001 -19"><span class='ocrx_word' id='word_1_126' title='bbox 336 2365 591 2434; x_wconf 87' lang='lat' dir='ltr'>valide</span> <span class='ocrx_word' id='word_1_127' title='bbox 639 2365 875 2452; x_wconf 89' lang='lat' dir='ltr'>possit</span> <span class='ocrx_word' id='word_1_128' title='bbox 919 2364 1352 2452; x_wconf 88' lang='lat' dir='ltr'>coniugium</span> <span class='ocrx_word' id='word_1_129' title='bbox 1392 2387 1428 2428; x_wconf 86' lang='lat'>&gt;›</span> <span class='ocrx_word' id='word_1_130' title='bbox 1487 2365 1531 2431; x_wconf 77' lang='lat'>⁴.</span> <span class='ocrx_word' id='word_1_131' title='bbox 1582 2364 2092 2434; x_wconf 87' lang='lat' dir='ltr'>Tridentinum</span> <span class='ocrx_word' id='word_1_132' title='bbox 2151 2365 2349 2434; x_wconf 89' lang='lat' dir='ltr'>enim</span> <span class='ocrx_word' id='word_1_133' title='bbox 2410 2365 2812 2436; x_wconf 71' lang='lat' dir='ltr'>decretum.</span> 
     </span>
     <span class='ocr_line' id='line_1_19' title="bbox 335 2471 2812 2559; baseline -0.001 -17"><span class='ocrx_word' id='word_1_134' title='bbox 335 2491 522 2542; x_wconf 89' lang='lat' dir='ltr'>cum</span> <span class='ocrx_word' id='word_1_135' title='bbox 572 2473 688 2541; x_wconf 90' lang='lat' dir='ltr'>ius</span> <span class='ocrx_word' id='word_1_136' title='bbox 734 2490 1143 2540; x_wconf 85' lang='lat' dir='ltr'>commune</span> <span class='ocrx_word' id='word_1_137' title='bbox 1190 2471 1538 2559; x_wconf 85' lang='lat' dir='ltr'>corrigat,</span> <span class='ocrx_word' id='word_1_138' title='bbox 1590 2476 1661 2541; x_wconf 90' lang='lat' dir='ltr'>et</span> <span class='ocrx_word' id='word_1_139' title='bbox 1706 2472 1929 2541; x_wconf 89' lang='lat' dir='ltr'>irritet</span> <span class='ocrx_word' id='word_1_140' title='bbox 1978 2473 2556 2557; x_wconf 87' lang='lat' dir='ltr'>matrimonium,</span> <span class='ocrx_word' id='word_1_141' title='bbox 2601 2476 2812 2540; x_wconf 59' lang='lat' dir='ltr'>cuiin—</span> 
     </span>
     <span class='ocr_line' id='line_1_20' title="bbox 335 2576 2812 2666; baseline -0.002 -18"><span class='ocrx_word' id='word_1_142' title='bbox 335 2597 576 2649; x_wconf 87' lang='lat' dir='ltr'>causa</span> <span class='ocrx_word' id='word_1_143' title='bbox 626 2576 1050 2648; x_wconf 86' lang='lat' dir='ltr'>favorabilis</span> <span class='ocrx_word' id='word_1_144' title='bbox 1099 2583 1230 2663; x_wconf 89' lang='lat' dir='ltr'>est,</span> <span class='ocrx_word' id='word_1_145' title='bbox 1282 2577 1590 2647; x_wconf 86' lang='lat' dir='ltr'>extendi</span> <span class='ocrx_word' id='word_1_146' title='bbox 1641 2596 1791 2647; x_wconf 89' lang='lat' dir='ltr'>non</span> <span class='ocrx_word' id='word_1_147' title='bbox 1843 2579 2063 2647; x_wconf 91' lang='lat' dir='ltr'>debet</span> <span class='ocrx_word' id='word_1_148' title='bbox 2109 2579 2203 2647; x_wconf 92' lang='lat' dir='ltr'>ad</span> <span class='ocrx_word' id='word_1_149' title='bbox 2255 2580 2545 2648; x_wconf 88' lang='lat' dir='ltr'>testium</span> <span class='ocrx_word' id='word_1_150' title='bbox 2597 2584 2812 2666; x_wconf 64' lang='lat' dir='ltr'>quaii-</span> 
     </span>
     <span class='ocr_line' id='line_1_21' title="bbox 338 2686 2468 2774; baseline -0.002 -16"><span class='ocrx_word' id='word_1_151' title='bbox 338 2692 556 2771; x_wconf 77' lang='lat' dir='ltr'>tateS,</span> <span class='ocrx_word' id='word_1_152' title='bbox 606 2694 900 2774; x_wconf 86' lang='lat' dir='ltr'>praeter</span> <span class='ocrx_word' id='word_1_153' title='bbox 952 2705 1176 2756; x_wconf 89' lang='lat' dir='ltr'>usum</span> <span class='ocrx_word' id='word_1_154' title='bbox 1230 2686 1541 2755; x_wconf 85' lang='lat' dir='ltr'>rationis</span> <span class='ocrx_word' id='word_1_155' title='bbox 1588 2686 1792 2758; x_wconf 86' lang='lat' dir='ltr'>iuxta</span> <span class='ocrx_word' id='word_1_156' title='bbox 1847 2686 2086 2774; x_wconf 91' lang='lat' dir='ltr'>legem</span> <span class='ocrx_word' id='word_1_157' title='bbox 2136 2692 2468 2756; x_wconf 88' lang='lat' dir='ltr'>naturae.</span> 
     </span>
    </p>

    <p class='ocr_par' dir='ltr' id='par_1_6' title="bbox 341 2793 2812 2990">
     <span class='ocr_line' id='line_1_22' title="bbox 479 2793 2812 2882; baseline -0.004 -17"><span class='ocrx_word' id='word_1_158' title='bbox 479 2798 588 2865; x_wconf 85' lang='lat'>24.</span> <span class='ocrx_word' id='word_1_159' title='bbox 655 2793 896 2864; x_wconf 70' lang='lat' dir='ltr'>Tertio</span> <span class='ocrx_word' id='word_1_160' title='bbox 942 2794 1266 2882; x_wconf 86' lang='lat' dir='ltr'>denique</span> <span class='ocrx_word' id='word_1_161' title='bbox 1314 2794 1720 2865; x_wconf 89' lang='lat' dir='ltr'>dicendum</span> <span class='ocrx_word' id='word_1_162' title='bbox 1759 2801 1891 2879; x_wconf 90' lang='lat' dir='ltr'>est,</span> <span class='ocrx_word' id='word_1_163' title='bbox 1918 2793 2289 2882; x_wconf 78' lang='lat' dir='ltr'>quomodo</span> <span class='ocrx_word' id='word_1_164' title='bbox 2320 2794 2699 2881; x_wconf 89' lang='lat' dir='ltr'>parochus</span> <span class='ocrx_word' id='word_1_165' title='bbox 2732 2817 2812 2860; x_wconf 49' lang='lat' dir='ltr'>n.-</span> 
     </span>
     <span class='ocr_line' id='line_1_23' title="bbox 341 2900 2420 2990; baseline -0.001 -18"><span class='ocrx_word' id='word_1_166' title='bbox 341 2907 573 2973; x_wconf 89' lang='lat' dir='ltr'>testes</span> <span class='ocrx_word' id='word_1_167' title='bbox 620 2901 987 2990; x_wconf 83' lang='lat' dir='ltr'>coniugali</span> <span class='ocrx_word' id='word_1_168' title='bbox 1034 2900 1311 2971; x_wconf 88' lang='lat' dir='ltr'>foederi</span> <span class='ocrx_word' id='word_1_169' title='bbox 1368 2902 1726 2971; x_wconf 88' lang='lat' dir='ltr'>interesse</span> <span class='ocrx_word' id='word_1_170' title='bbox 1772 2900 2112 2972; x_wconf 91' lang='lat' dir='ltr'>debeant.</span> <span class='ocrx_word' id='word_1_171' title='bbox 2162 2901 2420 2990; x_wconf 87' lang='lat' dir='ltr'>Itaque</span> 
     </span>
    </p>

    <p class='ocr_par' dir='ltr' id='par_1_7' title="bbox 342 3007 2816 3422">
     <span class='ocr_line' id='line_1_24' title="bbox 487 3007 2816 3080; baseline -0 -3"><span class='ocrx_word' id='word_1_172' title='bbox 487 3011 536 3078; x_wconf 91' lang='lat'>1.</span> <span class='ocrx_word' id='word_1_173' title='bbox 585 3010 972 3080; x_wconf 89' lang='lat' dir='ltr'>Parochus</span> <span class='ocrx_word' id='word_1_174' title='bbox 1018 3016 1092 3078; x_wconf 94' lang='lat' dir='ltr'>et</span> <span class='ocrx_word' id='word_1_175' title='bbox 1137 3027 1296 3078; x_wconf 81' lang='lat' dir='ltr'>una</span> <span class='ocrx_word' id='word_1_176' title='bbox 1345 3007 1567 3078; x_wconf 76' lang='lat' dir='ltr'>simut</span> <span class='ocrx_word' id='word_1_177' title='bbox 1594 3028 1772 3078; x_wconf 88' lang='lat' dir='ltr'>cum</span> <span class='ocrx_word' id='word_1_178' title='bbox 1810 3028 1899 3077; x_wconf 93' lang='lat' dir='ltr'>eo</span> <span class='ocrx_word' id='word_1_179' title='bbox 1934 3009 2087 3079; x_wconf 89' lang='lat' dir='ltr'>duo</span> <span class='ocrx_word' id='word_1_180' title='bbox 2119 3008 2380 3078; x_wconf 87' lang='lat' dir='ltr'>saltem</span> <span class='ocrx_word' id='word_1_181' title='bbox 2413 3013 2640 3077; x_wconf 85' lang='lat' dir='ltr'>testes</span> <span class='ocrx_word' id='word_1_182' title='bbox 2672 3026 2816 3076; x_wconf 55' lang='lat' dir='ltr'>mci-</span> 
     </span>
     <span class='ocr_line' id='line_1_25' title="bbox 342 3114 2804 3203; baseline -0.003 -15"><span class='ocrx_word' id='word_1_183' title='bbox 342 3118 668 3188; x_wconf 87' lang='lat' dir='ltr'>trimonii</span> <span class='ocrx_word' id='word_1_184' title='bbox 737 3116 1207 3186; x_wconf 81' lang='lat' dir='ltr'>celebrationi</span> <span class='ocrx_word' id='word_1_185' title='bbox 1283 3119 1645 3187; x_wconf 89' lang='lat' dir='ltr'>interesse</span> <span class='ocrx_word' id='word_1_186' title='bbox 1715 3117 2007 3203; x_wconf 87' lang='lat' dir='ltr'>debent,</span> <span class='ocrx_word' id='word_1_187' title='bbox 2072 3121 2143 3187; x_wconf 89' lang='lat' dir='ltr'>et</span> <span class='ocrx_word' id='word_1_188' title='bbox 2186 3136 2338 3186; x_wconf 90' lang='lat' dir='ltr'>non</span> <span class='ocrx_word' id='word_1_189' title='bbox 2386 3114 2689 3201; x_wconf 83' lang='lat' dir='ltr'>sufficit,</span> <span class='ocrx_word' id='word_1_190' title='bbox 2744 3128 2804 3180; x_wconf 67' lang='lat' dir='ltr'>nl</span> 
     </span>
     <span class='ocr_line' id='line_1_26' title="bbox 344 3222 2812 3315; baseline -0.002 -19"><span class='ocrx_word' id='word_1_191' title='bbox 344 3222 774 3315; x_wconf 65' lang='lat' dir='ltr'>singiHatim</span> <span class='ocrx_word' id='word_1_192' title='bbox 820 3225 1172 3294; x_wconf 89' lang='lat' dir='ltr'>intersint.</span> <span class='ocrx_word' id='word_1_193' title='bbox 1223 3263 1270 3273; x_wconf 92' lang='lat'><em>-</em></span> <span class='ocrx_word' id='word_1_194' title='bbox 1314 3224 1835 3294; x_wconf 89' lang='lat' dir='ltr'>Tridentinum</span> <span class='ocrx_word' id='word_1_195' title='bbox 1891 3243 2223 3312; x_wconf 88' lang='lat' dir='ltr'>namque</span> <span class='ocrx_word' id='word_1_196' title='bbox 2275 3225 2658 3293; x_wconf 88' lang='lat' dir='ltr'>decretum</span> <span class='ocrx_word' id='word_1_197' title='bbox 2708 3244 2812 3292; x_wconf 61' lang='lat' dir='ltr'>rw-</span> 
     </span>
     <span class='ocr_line' id='line_1_27' title="bbox 347 3332 2351 3422; baseline -0.002 -19"><span class='ocrx_word' id='word_1_198' title='bbox 347 3333 682 3422; x_wconf 86' lang='lat' dir='ltr'>pulatarn</span> <span class='ocrx_word' id='word_1_199' title='bbox 733 3332 959 3420; x_wconf 88' lang='lat' dir='ltr'>exigit</span> <span class='ocrx_word' id='word_1_200' title='bbox 1004 3332 1311 3419; x_wconf 88' lang='lat' dir='ltr'>parochi</span> <span class='ocrx_word' id='word_1_201' title='bbox 1361 3352 1450 3402; x_wconf 90' lang='lat' dir='ltr'>ac</span> <span class='ocrx_word' id='word_1_202' title='bbox 1483 3333 1781 3402; x_wconf 89' lang='lat' dir='ltr'>testium</span> <span class='ocrx_word' id='word_1_203' title='bbox 1830 3332 2351 3419; x_wconf 89' lang='lat' dir='ltr'>praesentiam.</span> 
     </span>
    </p>

    <p class='ocr_par' dir='ltr' id='par_1_8' title="bbox 349 3438 2816 3848">
     <span class='ocr_line' id='line_1_28' title="bbox 488 3438 2816 3525; baseline -0.001 -18"><span class='ocrx_word' id='word_1_204' title='bbox 488 3440 568 3508; x_wconf 88' lang='grc' dir='ltr'><strong>Π.</strong></span> <span class='ocrx_word' id='word_1_205' title='bbox 619 3439 903 3509; x_wconf 91' lang='lat' dir='ltr'>Debent</span> <span class='ocrx_word' id='word_1_206' title='bbox 946 3444 1195 3508; x_wconf 89' lang='lat' dir='ltr'>autem</span> <span class='ocrx_word' id='word_1_207' title='bbox 1252 3439 1613 3508; x_wconf 89' lang='lat' dir='ltr'>interesse</span> <span class='ocrx_word' id='word_1_208' title='bbox 1645 3457 1796 3507; x_wconf 90' lang='lat' dir='ltr'>non</span> <span class='ocrx_word' id='word_1_209' title='bbox 1831 3444 2118 3507; x_wconf 87' lang='lat' dir='ltr'>tantum</span> <span class='ocrx_word' id='word_1_210' title='bbox 2153 3438 2462 3525; x_wconf 82' lang='lat' dir='ltr'>physice</span> <span class='ocrx_word' id='word_1_211' title='bbox 2494 3456 2631 3505; x_wconf 90' lang='lat' dir='ltr'>seu</span> <span class='ocrx_word' id='word_1_212' title='bbox 2668 3455 2816 3504; x_wconf 63' lang='lat' dir='ltr'>cnrv</span> 
     </span>
     <span class='ocr_line' id='line_1_29' title="bbox 349 3541 2808 3634; baseline -0.005 -17"><span class='ocrx_word' id='word_1_213' title='bbox 349 3565 557 3634; x_wconf 88' lang='lat' dir='ltr'>pore,</span> <span class='ocrx_word' id='word_1_214' title='bbox 606 3545 737 3616; x_wconf 87' lang='lat' dir='ltr'>sed</span> <span class='ocrx_word' id='word_1_215' title='bbox 789 3543 1210 3631; x_wconf 70' lang='lat' dir='ltr'>moraliter,</span> <span class='ocrx_word' id='word_1_216' title='bbox 1266 3545 1455 3615; x_wconf 90' lang='lat' dir='ltr'>idest</span> <span class='ocrx_word' id='word_1_217' title='bbox 1500 3543 1753 3614; x_wconf 87' lang='lat' dir='ltr'>animo</span> <span class='ocrx_word' id='word_1_218' title='bbox 1816 3550 1889 3614; x_wconf 93' lang='lat' dir='ltr'>et</span> <span class='ocrx_word' id='word_1_219' title='bbox 1932 3563 2110 3613; x_wconf 89' lang='lat' dir='ltr'>curn</span> <span class='ocrx_word' id='word_1_220' title='bbox 2167 3541 2668 3628; x_wconf 72' lang='lat' dir='ltr'>advertentia,</span> <span class='ocrx_word' id='word_1_221' title='bbox 2728 3544 2808 3608; x_wconf 59' lang='lat' dir='ltr'>il..</span> 
     </span>
     <span class='ocr_line' id='line_1_30' title="bbox 352 3651 2816 3741; baseline -0.003 -18"><span class='ocrx_word' id='word_1_222' title='bbox 352 3658 437 3723; x_wconf 90' lang='lat' dir='ltr'>ut</span> <span class='ocrx_word' id='word_1_223' title='bbox 482 3651 882 3741; x_wconf 85' lang='lat' dir='ltr'>intelligant</span> <span class='ocrx_word' id='word_1_224' title='bbox 912 3652 1089 3741; x_wconf 87' lang='lat' dir='ltr'>quid</span> <span class='ocrx_word' id='word_1_225' title='bbox 1124 3659 1391 3741; x_wconf 84' lang='lat' dir='ltr'>agatur</span> <span class='ocrx_word' id='word_1_226' title='bbox 1417 3652 1464 3719; x_wconf 79' lang='lat'>⁵.</span> <span class='ocrx_word' id='word_1_227' title='bbox 1510 3690 1556 3700; x_wconf 93' lang='lat'>—</span> <span class='ocrx_word' id='word_1_228' title='bbox 1604 3655 1770 3721; x_wconf 91' lang='lat' dir='ltr'>Non</span> <span class='ocrx_word' id='word_1_229' title='bbox 1806 3651 2004 3721; x_wconf 89' lang='lat' dir='ltr'>enim</span> <span class='ocrx_word' id='word_1_230' title='bbox 2040 3652 2197 3721; x_wconf 86' lang='lat' dir='ltr'>iure</span> <span class='ocrx_word' id='word_1_231' title='bbox 2231 3669 2594 3737; x_wconf 88' lang='lat' dir='ltr'>praesens</span> <span class='ocrx_word' id='word_1_232' title='bbox 2649 3669 2816 3719; x_wconf 62' lang='lat' dir='ltr'>esse·</span> 
     </span>
     <span class='ocr_line' id='line_1_31' title="bbox 349 3757 2816 3848; baseline -0.002 -18"><span class='ocrx_word' id='word_1_233' title='bbox 349 3766 722 3846; x_wconf 89' lang='lat' dir='ltr'>censetur,</span> <span class='ocrx_word' id='word_1_234' title='bbox 770 3761 896 3848; x_wconf 88' lang='lat' dir='ltr'>qui</span> <span class='ocrx_word' id='word_1_235' title='bbox 947 3761 1176 3830; x_wconf 91' lang='lat' dir='ltr'>modo</span> <span class='ocrx_word' id='word_1_236' title='bbox 1226 3779 1377 3829; x_wconf 89' lang='lat' dir='ltr'>non</span> <span class='ocrx_word' id='word_1_237' title='bbox 1445 3761 1659 3829; x_wconf 91' lang='lat' dir='ltr'>adest</span> <span class='ocrx_word' id='word_1_238' title='bbox 1715 3759 2052 3829; x_wconf 89' lang='lat' dir='ltr'>humano</span> <span class='ocrx_word' id='word_1_239' title='bbox 2115 3757 2525 3844; x_wconf 89' lang='lat' dir='ltr'>intelligens</span> <span class='ocrx_word' id='word_1_240' title='bbox 2587 3764 2659 3826; x_wconf 94' lang='lat' dir='ltr'>et</span> <span class='ocrx_word' id='word_1_241' title='bbox 2703 3760 2816 3824; x_wconf 67' lang='lat' dir='ltr'>ffli-</span> 
     </span>
    </p>
   </div>
   <div class='ocr_carea' id='block_1_3' title="bbox 352 3952 2800 4423">
    <p class='ocr_par' dir='ltr' id='par_1_9' title="bbox 491 3952 1719 4029">
     <span class='ocr_line' id='line_1_32' title="bbox 491 3952 1719 4029; baseline -0.002 -14"><span class='ocrx_word' id='word_1_242' title='bbox 491 3957 509 3993; x_wconf 91' lang='lat'>¹</span> <span class='ocrx_word' id='word_1_243' title='bbox 555 3956 831 4015; x_wconf 84' lang='lat' dir='ltr'>Sanchez</span> <span class='ocrx_word' id='word_1_244' title='bbox 880 3956 986 4014; x_wconf 79' lang='lat' dir='ltr'>lib.</span> <span class='ocrx_word' id='word_1_245' title='bbox 1035 3955 1099 4013; x_wconf 89' lang='lat'>3.</span> <span class='ocrx_word' id='word_1_246' title='bbox 1148 3956 1318 4029; x_wconf 79' lang='lat' dir='ltr'>disp.</span> <span class='ocrx_word' id='word_1_247' title='bbox 1368 3953 1485 4013; x_wconf 84' lang='lat'>25.</span> <span class='ocrx_word' id='word_1_248' title='bbox 1535 3973 1603 4013; x_wconf 77' lang='lat' dir='ltr'>n.</span> <span class='ocrx_word' id='word_1_249' title='bbox 1657 3952 1719 4013; x_wconf 87' lang='lat'>3.</span> 
     </span>
    </p>

    <p class='ocr_par' dir='ltr' id='par_1_10' title="bbox 352 4050 2800 4225">
     <span class='ocr_line' id='line_1_33' title="bbox 490 4050 2800 4128; baseline -0.004 -16"><span class='ocrx_word' id='word_1_250' title='bbox 490 4053 516 4091; x_wconf 72' lang='lat'><strong>⁹</strong></span> <span class='ocrx_word' id='word_1_251' title='bbox 559 4053 714 4113; x_wconf 85' lang='lat' dir='ltr'>Vide</span> <span class='ocrx_word' id='word_1_252' title='bbox 757 4054 1030 4112; x_wconf 88' lang='lat' dir='ltr'>Perrone</span> <span class='ocrx_word' id='word_1_253' title='bbox 1077 4053 1116 4111; x_wconf 86' lang='lat' dir='ltr'>l.</span> <span class='ocrx_word' id='word_1_254' title='bbox 1159 4071 1215 4112; x_wconf 85' lang='lat' dir='ltr'>c.</span> <span class='ocrx_word' id='word_1_255' title='bbox 1257 4070 1412 4128; x_wconf 72' lang='lat' dir='ltr'>pay.</span> <span class='ocrx_word' id='word_1_256' title='bbox 1449 4050 1791 4119; x_wconf 86' lang='lat'>280-281,</span> <span class='ocrx_word' id='word_1_257' title='bbox 1832 4056 1896 4111; x_wconf 91' lang='lat' dir='ltr'>et</span> <span class='ocrx_word' id='word_1_258' title='bbox 1957 4051 2221 4110; x_wconf 85' lang='lat' dir='ltr'>aliorum</span> <span class='ocrx_word' id='word_1_259' title='bbox 2284 4050 2626 4127; x_wconf 89' lang='lat' dir='ltr'>opinionem</span> <span class='ocrx_word' id='word_1_260' title='bbox 2688 4052 2800 4104; x_wconf 61' lang='lat' dir='ltr'>vti.</span> 
     </span>
     <span class='ocr_line' id='line_1_34' title="bbox 352 4149 1495 4225; baseline -0.003 -12"><span class='ocrx_word' id='word_1_261' title='bbox 352 4153 525 4213; x_wconf 83' lang='lat' dir='ltr'>infra</span> <span class='ocrx_word' id='word_1_262' title='bbox 569 4152 631 4211; x_wconf 90' lang='lat' dir='ltr'>in</span> <span class='ocrx_word' id='word_1_263' title='bbox 677 4151 783 4211; x_wconf 87' lang='lat' dir='ltr'>cit.</span> <span class='ocrx_word' id='word_1_264' title='bbox 834 4152 1103 4225; x_wconf 81' lang='lat' dir='ltr'>discept.</span> <span class='ocrx_word' id='word_1_265' title='bbox 1165 4150 1217 4210; x_wconf 87' lang='lat'>1.</span> <span class='ocrx_word' id='word_1_266' title='bbox 1266 4170 1334 4210; x_wconf 81' lang='lat' dir='ltr'>n.</span> <span class='ocrx_word' id='word_1_267' title='bbox 1388 4149 1495 4209; x_wconf 88' lang='lat'>35.</span> 
     </span>
    </p>

    <p class='ocr_par' dir='ltr' id='par_1_11' title="bbox 486 4249 1878 4325">
     <span class='ocr_line' id='line_1_35' title="bbox 486 4249 1878 4325; baseline -0.004 -14"><span class='ocrx_word' id='word_1_268' title='bbox 486 4253 512 4290; x_wconf 75' lang='lat'>³</span> <span class='ocrx_word' id='word_1_269' title='bbox 559 4253 726 4310; x_wconf 68' lang='lat' dir='ltr'>Sese.</span> <span class='ocrx_word' id='word_1_270' title='bbox 776 4249 890 4310; x_wconf 82' lang='lat'>24.</span> <span class='ocrx_word' id='word_1_271' title='bbox 936 4267 1079 4325; x_wconf 82' lang='lat' dir='ltr'>cap.</span> <span class='ocrx_word' id='word_1_272' title='bbox 1144 4250 1196 4309; x_wconf 89' lang='lat'>1.</span> <span class='ocrx_word' id='word_1_273' title='bbox 1247 4250 1324 4307; x_wconf 84' lang='lat' dir='ltr'>de</span> <span class='ocrx_word' id='word_1_274' title='bbox 1369 4250 1636 4323; x_wconf 80' lang='lat' dir='ltr'>reform.</span> <span class='ocrx_word' id='word_1_275' title='bbox 1684 4255 1878 4306; x_wconf 77' lang='lat' dir='ltr'>matr.</span> 
     </span>
    </p>

    <p class='ocr_par' dir='ltr' id='par_1_12' title="bbox 488 4345 2796 4423">
     <span class='ocr_line' id='line_1_36' title="bbox 488 4345 2796 4423; baseline -0.005 -13"><span class='ocrx_word' id='word_1_276' title='bbox 488 4351 513 4387; x_wconf 83' lang='lat'>⁴</span> <span class='ocrx_word' id='word_1_277' title='bbox 557 4350 857 4418; x_wconf 81' lang='lat' dir='ltr'>Sanchez‚</span> <span class='ocrx_word' id='word_1_278' title='bbox 922 4347 1265 4418; x_wconf 83' lang='lat' dir='ltr'>Guttierez,</span> <span class='ocrx_word' id='word_1_279' title='bbox 1324 4345 1786 4423; x_wconf 82' lang='lat' dir='ltr'>Castropalaus,</span> <span class='ocrx_word' id='word_1_280' title='bbox 1859 4345 2127 4420; x_wconf 84' lang='lat' dir='ltr'>Pirhing</span> <span class='ocrx_word' id='word_1_281' title='bbox 2188 4345 2365 4404; x_wconf 84' lang='lat' dir='ltr'>citati</span> <span class='ocrx_word' id='word_1_282' title='bbox 2422 4364 2459 4405; x_wconf 87' lang='lat' dir='ltr'>a</span> <span class='ocrx_word' id='word_1_283' title='bbox 2523 4346 2796 4404; x_wconf 62' lang='lat' dir='ltr'>Lauren.-</span> 
     </span>
    </p>
   </div>
   <div class='ocr_carea' id='block_1_4' title="bbox 351 4443 2820 4618">
    <p class='ocr_par' dir='ltr' id='par_1_13' title="bbox 351 4443 2820 4618">
     <span class='ocr_line' id='line_1_37' title="bbox 357 4443 2820 4522; baseline -0.004 -15"><span class='ocrx_word' id='word_1_284' title='bbox 357 4450 466 4510; x_wconf 80' lang='lat' dir='ltr'>lib.</span> <span class='ocrx_word' id='word_1_285' title='bbox 506 4447 573 4508; x_wconf 79' lang='lat'>4.</span> <span class='ocrx_word' id='word_1_286' title='bbox 623 4450 716 4505; x_wconf 78' lang='lat' dir='ltr'>tic.</span> <span class='ocrx_word' id='word_1_287' title='bbox 757 4450 822 4507; x_wconf 89' lang='grc'><strong>3.</strong></span> <span class='ocrx_word' id='word_1_288' title='bbox 872 4452 1124 4522; x_wconf 78' lang='lat' dir='ltr'>quaest.</span> <span class='ocrx_word' id='word_1_289' title='bbox 1176 4444 1320 4503; x_wconf 74' lang='lat'>152.</span> <span class='ocrx_word' id='word_1_290' title='bbox 1371 4464 1507 4504; x_wconf 87' lang='lat' dir='ltr'>cum</span> <span class='ocrx_word' id='word_1_291' title='bbox 1552 4444 1882 4503; x_wconf 82' lang='lat' dir='ltr'>communi.</span> <span class='ocrx_word' id='word_1_292' title='bbox 1914 4477 1956 4487; x_wconf 91' lang='lat'><em>-</em></span> <span class='ocrx_word' id='word_1_293' title='bbox 1983 4443 2300 4502; x_wconf 86' lang='lat' dir='ltr'>Benedict.</span> <span class='ocrx_word' id='word_1_294' title='bbox 2334 4443 2503 4504; x_wconf 89' lang='lat' dir='ltr'>XIV.</span> <span class='ocrx_word' id='word_1_295' title='bbox 2540 4444 2619 4500; x_wconf 87' lang='lat' dir='ltr'>de</span> <span class='ocrx_word' id='word_1_296' title='bbox 2660 4444 2820 4516; x_wconf 34' lang='lat' dir='ltr'>Sys--</span> 
     </span>
     <span class='ocr_line' id='line_1_38' title="bbox 351 4541 1380 4618; baseline -0.005 -13"><span class='ocrx_word' id='word_1_297' title='bbox 351 4547 470 4605; x_wconf 87' lang='lat' dir='ltr'>odo</span> <span class='ocrx_word' id='word_1_298' title='bbox 521 4546 631 4603; x_wconf 84' lang='lat' dir='ltr'>lib.</span> <span class='ocrx_word' id='word_1_299' title='bbox 688 4542 793 4602; x_wconf 90' lang='lat'>13.</span> <span class='ocrx_word' id='word_1_300' title='bbox 841 4562 988 4618; x_wconf 84' lang='lat' dir='ltr'>cap.</span> <span class='ocrx_word' id='word_1_301' title='bbox 1035 4541 1147 4601; x_wconf 87' lang='lat'>23.</span> <span class='ocrx_word' id='word_1_302' title='bbox 1197 4562 1265 4602; x_wconf 81' lang='lat' dir='ltr'>n.</span> <span class='ocrx_word' id='word_1_303' title='bbox 1318 4543 1380 4600; x_wconf 86' lang='lat'>6.</span> 
     </span>
    </p>
   </div>
   <div class='ocr_carea' id='block_1_5' title="bbox 494 4639 2199 4719">
    <p class='ocr_par' dir='ltr' id='par_1_14' title="bbox 494 4639 2199 4719">
     <span class='ocr_line' id='line_1_39' title="bbox 494 4639 2199 4719; baseline -0.004 -15"><span class='ocrx_word' id='word_1_304' title='bbox 494 4646 519 4682; x_wconf 74' lang='lat'>⁵</span> <span class='ocrx_word' id='word_1_305' title='bbox 561 4643 832 4719; x_wconf 87' lang='lat' dir='ltr'>Pirhing</span> <span class='ocrx_word' id='word_1_306' title='bbox 878 4642 987 4700; x_wconf 83' lang='lat' dir='ltr'>lib.</span> <span class='ocrx_word' id='word_1_307' title='bbox 1039 4640 1102 4700; x_wconf 86' lang='grc'><strong>4.</strong></span> <span class='ocrx_word' id='word_1_308' title='bbox 1154 4642 1247 4700; x_wconf 85' lang='lat' dir='ltr'>tit.</span> <span class='ocrx_word' id='word_1_309' title='bbox 1301 4642 1360 4701; x_wconf 87' lang='grc'><strong>3.</strong></span> <span class='ocrx_word' id='word_1_310' title='bbox 1414 4659 1482 4701; x_wconf 76' lang='grc' dir='ltr'>-η,</span> <span class='ocrx_word' id='word_1_311' title='bbox 1531 4639 1643 4700; x_wconf 88' lang='lat'>22.</span> <span class='ocrx_word' id='word_1_312' title='bbox 1690 4658 1827 4699; x_wconf 87' lang='lat' dir='ltr'>cum</span> <span class='ocrx_word' id='word_1_313' title='bbox 1871 4640 2199 4700; x_wconf 88' lang='lat' dir='ltr'>communi.</span> 
     </span>
    </p>
   </div>
  </div>
 </body>
</html>
