3509 5317
903 504 1083 565 -322÷-

379 651 621 722 consequens,
648 644 759 724 prout
783 640 1064 713 matrimonium
1088 644 1271 714 antecedit
1296 623 1353 715 vel
1377 646 1467 716 illud
1483 649 1608 719 subse

379 741 520 827 quitur:
543 779 565 794 -
591 744 807 831 temporales
833 746 891 816 vel
912 753 1125 837 perpetua,
1153 756 1263 836 prout
1287 752 1396 839 lapsu
1432 740 1607 842 temporis

378 847 457 917 sive
481 852 695 939 naturaevi,
709 854 789 923 sive
812 860 891 924 arte
904 855 978 924 tolli
995 862 1126 943 potest,
1144 857 1203 927 vel
1216 876 1290 926 non
1312 867 1442 946 potest.
1467 861 1606 932 Scilicet

378 956 597 1045 temporalis
620 958 803 1031 iudicatur
819 960 1033 1050 impotentia
1059 963 1128 1050 illa,
1145 983 1244 1052 quae
1265 966 1346 1034 sine
1366 974 1522 1054 peccato
1545 980 1606 1040 aut

376 1065 495 1155 gravi
512 1065 675 1153 periculo
699 1068 757 1138 vel
781 1070 888 1157 gravi
911 1070 1051 1140 damno
1075 1073 1244 1159 corporis
1268 1073 1356 1143 citra
1381 1076 1604 1145 miraculum
1717 1081 1718 1084 ’

376 1193 443 1261 per
459 1193 557 1262 opus
573 1175 795 1262 humanum,
813 1196 882 1246 seu
897 1197 967 1265 per
982 1178 1168 1249 ordinaria
1185 1179 1278 1251 licita
1297 1180 1478 1251 naturalia
1495 1183 1602 1252 etiarn

374 1278 577 1366 spiritualia
598 1282 772 1369 remedia,
797 1282 871 1353 tolli
898 1291 1018 1371 potest
1048 1285 1110 1370 (ex
1143 1304 1223 1373 cap.
1251 1284 1530 1374 fraternitatis,
1558 1289 1606 1359 de

374 1384 499 1476 fripr'd.
523 1395 559 1459 et
581 1388 706 1478 metes.
731 1399 767 1459 et
789 1388 877 1480 imp.
901 1390 1079 1477 corandri.
1106 1392 1298 1481 Perpetuo
1322 1412 1412 1463 vero
1437 1413 1524 1465 esse
1547 1395 1602 1469 de·

374 1497 537 1567 cernitur
560 1497 774 1584 impotentia
799 1498 869 1581 illa,
894 1519 992 1587 quae
1008 1502 1088 1570 slve
1105 1501 1318 1571 naturaliter
1333 1503 1414 1573 sive
1430 1509 1518 1588 arte,
1538 1524 1600 1591 per

374 1606 493 1675 media
521 1605 613 1675 licita
639 1606 696 1674 vel
721 1607 874 1675 omnino
899 1608 1083 1676 removeri
1108 1626 1183 1676 non
1210 1614 1338 1694 potest,
1357 1609 1416 1679 vel
1433 1611 1507 1679 tolli
1524 1614 1597 1699 qui·

373 1713 460 1781 dem
476 1720 613 1801 posset,
638 1714 705 1783 sed
728 1732 817 1783 cum
841 1715 946 1802 gravi
970 1715 1065 1786 vitae
1089 1716 1264 1803 periculo,
1293 1717 1349 1784 vel
1382 1717 1524 1788 damno
1547 1740 1599 1790 sa-
1716 1739 1717 1742 ’

373 1820 458 1889 lutis
481 1821 696 1908 corporalis,
722 1822 780 1891 vel
806 1840 872 1909 per
897 1822 1132 1910 miraculum,
1156 1831 1222 1893 aut
1244 1823 1365 1893 illicita
1402 1826 1523 1894 media
1551 1828 1596 1896 uti
1714 1833 1717 1906 1

371 1949 439 2017 per
463 1931 645 2019 magicam
671 1937 801 2000 artem.
827 1930 876 2000 lta
903 1932 1153 2001 communiter
1177 1932 1249 2000 DD.

438 2038 554 2105 Porro
576 2038 609 2105 si
633 2037 790 2106 coeundi
815 2037 1028 2125 impotentia
1046 2043 1234 2125 spectetur
1250 2039 1363 2108 relate
1379 2038 1428 2108 ad
1443 2058 1597 2109 causam
1715 2070 1716 2073 ¹

371 2165 420 2215 ex
443 2146 669 2233 quaeritur,
694 2144 836 2231 duplex
859 2145 970 2213 etiam
1003 2144 1256 2232 distinguitur:
1287 2145 1359 2214 alla
1395 2145 1594 2231 naturalis,

369 2256 438 2325 alia
463 2251 712 2323 occidentalis.
741 2249 951 2333 Naturalis,
979 2270 1077 2339 quae
1101 2251 1216 2321 oritur
1239 2271 1261 2322 a
1287 2252 1373 2322 vitio
1390 2253 1595 2339 intrinsece,

370 2382 437 2431 seu
462 2381 511 2431 ex
535 2359 679 2430 defectu
702 2359 884 2430 naturalis
907 2360 1187 2446 constitutionis
1212 2360 1495 2449 complexionis,
1511 2369 1596 2433 tem·

368 2470 584 2556 paramenti,
608 2485 781 2556 quaeque
807 2468 961 2554 proinde
985 2467 1126 2534 homini
1149 2468 1256 2553 quasi
1280 2486 1422 2537 coaeva
1451 2476 1487 2539 et
1517 2489 1597 2539 con-
1715 2469 1716 2533 3

368 2582 452 2646 nata
478 2581 543 2646 est.
567 2568 612 2644 Et
635 2575 728 2644 haec
751 2574 787 2642 in
813 2574 902 2642 viris
927 2573 1075 2660 proprie
1098 2573 1230 2642 dicitur
1244 2570 1458 2662 frigiditas,
1493 2577 1528 2643 in
1551 2574 1596 2645 fe·

368 2684 478 2752 minis
501 2666 702 2752 arctando.
734 2676 985 2767 Accidentolis
1009 2685 1135 2749 autem
1159 2680 1290 2748 dicitur
1306 2680 1377 2766 illa,
1394 2700 1494 2768 quae
1516 2701 1595 2770 pro

368 2792 466 2862 venit
489 2810 513 2859 a
535 2810 650 2860 causa
675 2789 895 2873 extrinseca,
921 2805 1041 2875 eaque
1065 2787 1213 2874 duplici,
1247 2787 1304 2855 vel
1336 2787 1516 2859 sciliceta
1541 2808 1593 2858 se

238 2956 241 2960 .
366 2898 486 2967 ctione
509 2903 575 2966 aut
596 2896 826 2966 abscissione
850 2896 1110 2964 membrorum
1135 2895 1361 2983 genitalium,
1389 2896 1448 2967 vel
1471 2917 1493 2966 a
1516 2916 1589 2967 ma
1716 2883 1717 2910 ³

366 3005 485 3077 leiloio
508 3006 588 3074 sive
612 3004 804 3089 diabolico,
829 3004 909 3074 sive
933 3002 1121 3087 venetico:

433 3117 485 3186 16.
511 3114 653 3195 Quibus
670 3112 886 3198 praemissis
902 3112 990 3181 illud
1008 3113 1098 3182 iuris
1112 3111 1332 3198 principium
1350 3113 1588 3183 recolendum

365 3227 424 3295 hic
447 3230 513 3309 est,
537 3220 638 3309 quod
662 3228 857 3307 tamquam
881 3220 1030 3289 axioma
1064 3220 1136 3287 DD.
1176 3219 1426 3288 communiter
1460 3221 1592 3293 docent
1714 3233 1717 3246 “

363 3340 475 3421 atque
499 3337 658 3414 tuentur,
683 3344 842 3411 nempe:
869 3326 1123 3413 «impotentia
1146 3331 1334 3415 perpetuo
1350 3328 1398 3395 ad
1415 3330 1589 3416 copulam

364 3440 483 3511 reddit
506 3439 647 3507 irritum
672 3432 899 3522 subsequens
925 3434 1253 3503 matrimonium».
1277 3437 1322 3503 El
1340 3435 1527 3505 utclarius
1541 3438 1589 3506 di-

362 3568 463 3620 cam:
490 3544 745 3632 «lmpotentia
768 3543 804 3611 in
829 3544 909 3611 viro
944 3541 1105 3611 habendi
1145 3558 1273 3610 veram
1309 3560 1354 3610 ac
1389 3541 1587 3628 perfectam

362 3655 547 3743 copulam,
573 3671 640 3721 seu
665 3652 882 3737 impotentia
904 3651 1121 3738 penetrandi
1135 3669 1203 3720 vas
1213 3648 1429 3734 femineum,
1443 3651 1588 3720 ibidem·
1708 3670 1710 3673 ’

361 3781 436 3851 que
459 3758 675 3830 effundendi
698 3776 828 3827 semen
853 3758 901 3826 da
924 3776 966 3826 se
989 3762 1119 3843 aptum
1144 3757 1380 3845 generationi,
1416 3756 1496 3826 sive
1528 3756 1587 3825 al}

361 3870 480 3939 soluta
506 3869 586 3937 sive
602 3866 751 3935 relativa
766 3866 822 3951 sit,
836 3866 918 3933 sive
928 3864 1108 3935 naturalis
1120 3865 1200 3933 sive
1219 3863 1467 3949 accidentalis
1484 3865 1587 3933 dum:

360 3976 474 4045 modo
498 3976 544 4043 sit
566 3971 786 4043 antecedens
811 3991 855 4042 ac
865 3978 1069 4061 perpetue,
1086 3972 1367 4043 matrimonium
1380 3969 1581 4057 invalidum

360 4080 481 4151 reddit
505 4082 552 4151 de
575 4081 655 4150 iure
679 4085 757 4149 tum
781 4079 950 4163 naturali,
976 4085 1055 4148 tum
1081 4078 1374 4149 ecclesiastico».
1399 4080 1484 4148 Iure
1511 4082 1584 4168 qui-

359 4190 446 4259 dem
471 4187 725 4261 ecclesiastico.
752 4188 846 4257 Huic
870 4189 969 4257 enim
997 4187 1090 4256 thesi
1119 4185 1350 4275 suffragatur
1379 4187 1520 4277 integer
1547 4188 1586 4254 ti-

359 4298 460 4369 tulus
483 4295 530 4365 de
544 4294 698 4385 frrprdis
722 4300 758 4364 et
780 4293 940 4382 moletto.
965 4299 1002 4364 et
1023 4291 1242 4383 impotentia
1264 4292 1435 4379 meandi,
1470 4293 1525 4363 do.
1546 4294 1582 4361 4.

359 4403 545 4473 Decretol.
570 4404 638 4473 Sic.
654 4409 694 4473 ut
716 4421 834 4472 unum
865 4401 1038 4488 afferam,
1062 4421 1143 4489 cap.
1178 4400 1280 4489 qood
1312 4399 1439 4470 eedem
1461 4404 1500 4488 2,
1524 4399 1582 4470 eit.

360 4511 411 4580 tit.
437 4512 662 4581 decernitur:
687 4512 790 4580 Sicut
811 4529 922 4598 puer,
949 4509 1015 4598 qni
1037 4529 1112 4579 non
1142 4513 1266 4600 potest
1299 4507 1458 4579 reddere
1491 4506 1584 4578 debl-

359 4625 453 4704 trrm,
478 4638 554 4688 non
577 4622 635 4687 est
656 4623 770 4707 optus
794 4617 975 4705 centuplo,
1002 4617 1056 4687 sie
1079 4615 1144 4706 qui
1158 4616 1378 4706 impotentes
1394 4620 1495 4702 sunt,
1518 4612 1583 4683 mi·
