3509 5317
850 513 1029 572 -172-
1128 526 1130 537 '

393 651 426 717 3.
452 647 531 717 lmo
557 649 782 735 probabilior
804 651 985 720 sententia
1020 655 1135 737 tenet,
1160 651 1352 721 Vicarium
1384 653 1569 740 Episcopi

329 756 364 824 vi
378 754 487 825 oflicii
500 757 557 825 sui
574 775 643 826 seu
660 757 869 828 vicariatus
884 758 1107 846 generaliter
1122 759 1191 828 sibi
1203 760 1406 846 commissi,
1420 778 1571 832 causas

330 864 622 935 matrimoniales
646 882 881 953 cognoscere
897 884 1011 953 posse
1035 885 1079 936 ac
1102 866 1305 937 diiudicare
1322 867 1345 936 ¹.
1368 907 1390 916 -
1413 871 1569 939 Verum

329 971 403 1041 hac
425 972 460 1040 in
494 990 535 1041 re
565 974 768 1059 spectanda
801 979 858 1042 est
885 974 1069 1062 cuiusque
1099 975 1334 1046 consuetudo
1365 978 1568 1065 dioecesis

330 1099 417 1151 cum
442 1081 478 1148 in
503 1080 674 1169 pluribus
699 1080 790 1150 locis
813 1083 953 1170 proprii
977 1083 1121 1154 iudices
1143 1103 1348 1155 causarum
1373 1087 1571 1157 matrimo

330 1187 482 1256 nialium
507 1188 556 1257 ab
578 1189 771 1276 Episcopis
794 1192 966 1260 constitui
991 1192 1138 1261 soleant
1152 1190 1176 1261 ².

784 1394 1057 1467 ARTICULUS
1083 1397 1107 1463 1.

391 1561 435 1630 De
458 1563 554 1631 iudice
577 1568 771 1648 competente
794 1561 1022 1631 Ecclesiastico
1045 1564 1073 1632 in
1095 1565 1202 1633 cauete
1224 1565 1491 1635 natrinonialiloa

733 1662 762 1730 ln
785 1660 929 1729 Ecclesia
951 1661 1151 1730 ooottenutt.

398 1831 430 1897 1.
454 1830 536 1897 Non
567 1833 692 1898 autem
724 1846 793 1915 pro
819 1825 969 1897 Actoris
1004 1828 1120 1899 lubitu
1156 1829 1257 1916 apud
1292 1828 1567 1918 quodcumque

331 1935 543 2024 episcopale
567 1937 727 2005 tribunat
751 1934 885 2006 deferri
910 1941 1070 2022 possunt
1093 1937 1386 2008 matrimoniales
1408 1957 1563 2028 causae,

330 2045 398 2114 sed
422 2043 469 2113 ad
494 2042 580 2112 illud
607 2043 708 2132 quod
733 2048 789 2112 est
811 2050 1034 2132 competens.
1060 2046 1177 2115 Porro
1201 2049 1405 2135 generatim
1428 2046 1565 2117 dicitur

330 2158 550 2238 competens
573 2151 744 2237 tribunal,
771 2152 831 2220 ubi
857 2152 1002 2236 Iudicis,
1027 2153 1090 2241 qui
1115 2153 1146 2222 ei
1171 2160 1329 2241 praeest,
1354 2155 1563 2226 auctoritati

331 2264 367 2329 et
381 2258 622 2328 iurisdictioni
638 2259 771 2339 subest
785 2277 847 2328 res
863 2261 911 2329 de
927 2279 999 2348 qua
1019 2260 1246 2348 disceptatur
1262 2266 1299 2331 et
1311 2263 1415 2329 Reus
1431 2268 1562 2332 contra

331 2385 444 2454 qnam
470 2366 601 2455 agitur.
626 2366 720 2435 Hinc
745 2366 855 2436 veluti
889 2367 1078 2437 axiomata
1108 2367 1199 2436 iuris
1230 2368 1414 2437 habentur
1444 2368 1561 2438 haec:

332 2475 450 2543 Actor
472 2471 642 2562 sequitur
656 2471 793 2561 sorum
819 2473 913 2560 Rei]
936 2513 958 2521 -
982 2476 1086 2543 Reus
1109 2493 1241 2543 eoram
1263 2494 1333 2544 suo
1357 2473 1481 2545 Iudice
1504 2482 1562 2544 est

331 2578 605 2651 conveniendus
613 2600 630 2666 ,·
652 2618 676 2629 -
700 2580 818 2651 ludici
839 2601 914 2651 non
938 2599 1007 2650 auo
1030 2599 1104 2650 non
1127 2586 1290 2670 paretur
1312 2579 1464 2673 impune
1481 2579 1503 2649 ⁸.

397 2694 430 2759 2.
455 2689 695 2778 Compertum
720 2694 847 2758 autem
871 2688 1049 2758 omnibus
1072 2696 1137 2773 est,
1162 2688 1400 2775 potissimum
1418 2688 1562 2758 ratione

332 2796 567 2869 habitationis
590 2799 844 2885 permanentis
867 2817 935 2867 seu
960 2794 1137 2865 domicilii
1158 2795 1321 2883 aliquem
1346 2794 1426 2865 fleri
1455 2796 1564 2866 abso

331 2905 407 2975 luta
429 2904 621 2974 subditum
647 2904 777 2974 iudicis
800 2923 870 2973 seu
895 2905 1136 2992 magistratus
1160 2902 1257 2972 illins
1280 2903 1359 2987 loci,
1376 2910 1412 2973 et
1434 2923 1564 2973 conse

331 3018 490 3100 quenler
512 3012 632 3081 sortiri
657 3009 780 3080 iorum
799 3009 822 3078 ⁴.
847 3012 942 3079 Hinc
956 3007 1133 3079 domicilii
1147 3008 1253 3078 forus
1269 3011 1417 3098 proprie
1428 3009 1563 3080 dicitur

332 3138 447 3190 verus
470 3139 515 3189 ac
539 3118 718 3189 naturalis
736 3116 762 3205 5;
790 3119 835 3188 ita
861 3128 903 3187 ut
925 3118 993 3187 alia
1021 3123 1164 3188 tantum
1189 3137 1238 3186 ex
1266 3137 1381 3188 causa
1412 3118 1562 3201 subditi,

333 3228 382 3297 uti
413 3228 555 3296 ratione
586 3226 638 3295 rei
669 3226 780 3311 sitae,
805 3232 1037 3309 contractus,
1061 3224 1198 3309 delicti,
1223 3226 1394 3294 dicantur
1423 3224 1562 3295 subditi

332 3330 458 3403 minus
482 3333 645 3420 proprie,
656 3340 692 3402 et
714 3334 861 3403 nonnisi
888 3333 961 3402 lato
978 3351 1105 3416 sensu,
1122 3332 1215 3401 dum
1232 3338 1362 3402 contra
1378 3330 1483 3403 forus
1499 3333 1564 3403 do

333 3439 451 3509 micilii
482 3446 539 3510 est
572 3440 785 3509 ordinarius
815 3450 851 3508 et
883 3440 1130 3509 universalior
1157 3441 1306 3524 ceteris,
1330 3458 1563 3511 concurrens

331 3566 420 3616 cum
443 3547 608 3634 quolibet
630 3546 702 3616 alio
726 3543 807 3615 foro
824 3542 847 3614 ⁶.

400 3742 570 3802 ¹Senchez
605 3745 660 3803 lib.
685 3742 715 3800 3.
740 3743 824 3817 disp.
848 3742 908 3803 29.
933 3762 966 3803 a.
996 3741 1047 3803 18.
1071 3760 1110 3801 ex
1131 3761 1204 3817 cap.
1233 3743 1261 3803 1.
1296 3745 1336 3801 de
1363 3744 1498 3818 siinidis
1534 3754 1566 3803 et

333 3840 447 3913 males.
471 3845 503 3901 et
523 3858 563 3899 ex
583 3859 656 3915 cap.
679 3844 739 3916 fin.
764 3841 804 3898 de
826 3849 954 3914 ceperat.
978 3842 1086 3915 spirit.

398 3939 410 3977 ²
432 3940 482 3999 lta
504 3945 606 4000 monet
626 3946 696 4017 post
724 3940 858 4017 Pirhing
872 3940 1043 4000 Laurenius
1064 3943 1118 3998 cit.
1146 3946 1239 3998 tract.
1266 3940 1306 3999 de
1325 3940 1468 3998 Viceriis
1483 3939 1568 4016 Epi-

332 4055 502 4112 scoporum
525 4045 581 4095 cic.
606 4045 730 4114 quaest.
758 4038 831 4095 161).
857 4057 892 4099 n.
915 4038 947 4097 3.

398 4134 411 4171 ⁸
434 4135 481 4193 Ex
494 4135 634 4211 pluribus
656 4135 732 4194 locis
753 4135 831 4195 iuris
851 4136 958 4196 civilis
985 4142 1019 4198 et
1046 4137 1185 4196 canonici
1209 4136 1254 4197 uti
1276 4154 1315 4195 ex
1336 4155 1409 4212 cap.
1427 4136 1459 4194 5.
1477 4146 1510 4196 et
1528 4140 1563 4197 o'.

331 4232 371 4291 de
391 4235 462 4307 foro
483 4241 616 4308 compet.

398 4333 410 4369 ⁴
430 4331 516 4392 Glos.
541 4334 577 4388 in
601 4332 701 4392 Clem.
729 4335 819 4392 tireio.
843 4335 975 4408 defore
996 4343 1130 4408 compet.
1154 4351 1185 4394 v.
1209 4334 1366 4393 ozihelitis.

398 4429 410 4466 ὃ
432 4429 505 4506 Gap.
529 4434 590 4506 fin.
613 4432 653 4490 de
674 4434 743 4506 foro
765 4441 900 4507 corripet.

399 4528 554 4601 totoni,
588 4530 1079 4608 Abbas‚Feliuius‚1⁴¹agnanus‚
1113 4533 1247 4610 Pirhing
1281 4531 1397 4608 aliique
1424 4532 1517 4592 citati
1547 4553 1567 4592 a

332 4625 484 4686 Lauronio
508 4628 561 4684 tib.
585 4625 618 4685 2.
643 4630 692 4689 tit.
715 4628 747 4686 2.
772 4638 897 4704 qliaest.
925 4630 979 4691 7-1.
