3509 5317
861 512 1020 572 ⁶22..

391 653 423 720 4.
447 650 614 720 Huiusce
636 655 763 721 autem
787 647 1072 720 extraordinarii
1087 667 1201 718 casus
1218 648 1406 753 iudicium,
1431 668 1479 718 an
1496 648 1562 718 sci·

324 758 407 830 licet
429 757 574 828 matitia
596 757 773 848 suppleat
796 761 962 827 aetutem
989 758 1038 827 ad
1074 757 1356 828 matrimonium
1393 773 1564 844 praema-

231 939 233 944 ,
322 873 457 953 turam,
483 865 711 937 cumulativo
729 868 810 936 iure
826 885 915 936 cum
931 866 1135 953 apostolica
1154 865 1251 936 Sede
1266 867 1314 936 ad
1330 866 1560 953 Episcopum

323 994 391 1044 seu
415 973 652 1044 Ordinarium
678 975 946 1044 dioecesanum
963 977 1119 1060 spectat.
1141 1001 1156 1031 ‹
1175 975 1305 1061 Neque
1320 990 1480 1043 necesse
1492 977 1563 1057 est,
1727 1013 1734 1024 ·

324 1081 376 1150 uti
394 1082 508 1151 docet
531 1079 753 1152 Benedictus
776 1080 876 1166 xiv,
901 1079 1147 1168 apostolicam
1173 1080 1309 1150 Sedem
1339 1080 1453 1165 adire,
1489 1078 1561 1149 nisi

323 1207 391 1275 pro
416 1189 548 1258 maiori
573 1195 680 1259 actus
703 1188 947 1274 solemnitate,
972 1193 1008 1258 et
1032 1206 1080 1257 ne
1103 1187 1151 1257 de
1185 1191 1400 1258 contractus
1436 1186 1561 1256 matri·

323 1295 437 1363 monii
462 1295 677 1365 huiusmodi
703 1296 889 1366 validitate
913 1303 1068 1383 propter
1093 1295 1278 1363 minorem
1296 1299 1457 1364 aetatem
1477 1292 1562 1361 hae-

322 1401 423 1471 sitari
446 1403 667 1490 contingat...
693 1403 922 1472 Privativum
950 1422 1038 1473 vero
1063 1403 1290 1489 apostolicae
1306 1402 1417 1473 Sedis
1433 1402 1492 1470 ius
1504 1405 1563 1469 est

323 1509 551 1580 concedendi
564 1510 884 1604 dispensationem
900 1511 948 1579 ud
962 1510 1264 1581 contrahendum
1276 1509 1561 1579 matrimonium
1591 1565 1596 1574 .

323 1615 519 1703 impuberi,
543 1618 606 1705 qui
630 1637 698 1705 per
721 1624 880 1689 aetatem
906 1618 1077 1687 nondum
1102 1617 1290 1706 coniugali
1306 1616 1467 1704 copulae
1483 1632 1561 1684 ma·

323 1730 431 1792 turus
454 1730 520 1810 est,
545 1726 613 1795 sed
638 1730 763 1796 tamen
789 1727 940 1796 rationis
965 1744 1038 1795 usu
1061 1727 1109 1797 ita
1137 1725 1259 1813 pollet,
1277 1731 1319 1794 ut
1335 1721 1562 1794 matrimonii

324 1831 567 1900 contrahendi
592 1833 667 1901 vim
693 1840 728 1903 et
750 1842 926 1905 naturam
951 1833 1135 1922 intelligat
1161 1834 1305 1904 Etenim
1330 1834 1378 1904 ad
1398 1829 1561 1900 validita-

322 1943 400 2006 tem
425 1939 662 2025 matrimonii,
687 1940 1013 2029 quemadmodum
1038 1938 1199 2010 rationis
1232 1958 1323 2010 usus
1361 1938 1563 2027 requiritur

323 2043 372 2113 de
395 2041 479 2113 iure
493 2046 662 2118 natur-oti
683 2054 720 2117 et
742 2045 883 2134 moino,
899 2037 960 2118 'ita
982 2047 1143 2118 actualia
1167 2048 1214 2118 ad
1238 2047 1478 2135 coniugalem
1500 2063 1561 2115 co

324 2151 453 2238 pulam
475 2154 645 2242 potentio
669 2156 868 2246 requiritur
892 2158 940 2228 de
963 2154 1046 2225 iure
1068 2153 1228 2245 positivo
1263 2156 1455 2225 canonico.
1492 2156 1562 2223 Ro
1589 2142 1600 2166 ⁹

326 2276 462 2329 manns
486 2268 611 2330 autem
637 2263 806 2334 Pontifex
830 2271 888 2334 est
911 2284 1025 2350 supra
1051 2265 1110 2333 ius
1133 2265 1378 2350 canonicum3
1414 2267 1452 2331 at
1485 2262 1562 2350 qui-

326 2367 412 2437 libet
434 2371 643 2457 Episcopus
666 2389 712 2440 eo
735 2370 816 2442 iure
839 2370 989 2442 inferior
1012 2378 1081 2457 est,
1105 2372 1339 2460 proindeque
1362 2372 1461 2440 illius
1478 2369 1564 2458 legi·

326 2475 399 2545 bus
429 2477 613 2566 derogare
642 2479 805 2567 nequit»
833 2478 854 2546 ¹.
878 2518 902 2529 -
930 2481 1146 2549 Romanum
1179 2485 1306 2550 autem
1342 2477 1561 2549 Pontificem

328 2601 395 2669 pro
418 2584 518 2654 bono
541 2587 655 2673 pacis,
679 2587 800 2657 aliave
824 2588 919 2658 iusta
944 2586 992 2658 de
1014 2606 1131 2658 causa
1156 2606 1246 2660 cum
1279 2586 1455 2657 fidelibus
1488 2585 1561 2655 dis·

325 2708 487 2777 pensare
511 2710 634 2779 posse,
659 2712 705 2763 ac
727 2694 868 2782 pluries
892 2713 1024 2765 revera
1049 2695 1292 2782 dispensasse
1317 2700 1356 2764 ut
1380 2691 1474 2764 inira
1497 2712 1564 2780 pu·

326 2796 478 2867 hortatis
512 2816 633 2868 annos
667 2797 947 2870 matrimonium
982 2802 1262 2887 contraherent,
1297 2809 1443 2889 praeter
1476 2798 1563 2870 alla·

325 2910 401 2972 tam
433 2904 618 2989 Benedicti
643 2907 733 2976 XIV
756 2909 1014 2979 auctoritatem
1039 2916 1075 2979 et
1096 2909 1235 2978 Nicolai
1260 2909 1274 2977 l
1298 2908 1525 2978 decretalem
1549 2903 1562 2942 ²

324 3009 552 3084 confirmant
589 3014 764 3103 exempla
808 3014 1133 3102 dispensationum
1182 3007 1420 3103 huiusmodi,
1462 3033 1559 3104 quas

325 3119 363 3188 S.
388 3119 477 3189 Pius
501 3120 556 3205 V,
592 3120 768 3191 Clemens
791 3122 873 3191 Vlll
909 3107 945 3193 et
968 3123 1175 3212 Gregorius
1204 3124 1277 3192 XV
1312 3141 1560 3209 concessere,

225 3308 229 3315 Ι
328 3231 368 3294 ut
401 3227 502 3314 apud
538 3227 878 3318 Scbmalzgrueber
914 3228 946 3317 ⁸,
977 3232 1040 3319 qul
1077 3237 1202 3301 tamen
1244 3232 1334 3301 scite
1378 3232 1560 3301 rationem

326 3332 466 3419 reddit,
496 3341 673 3406 curante
706 3337 944 3424 pubertatem
979 3356 1054 3407 non
1091 3338 1137 3407 sit
1167 3338 1412 3426 permittenda
1449 3338 1560 3407 coba·

325 3438 461 3508 bitatio.
495 3476 541 3490 -
575 3442 696 3511 Immo
730 3443 822 3513 satis
855 3444 1060 3531 probabilis
1094 3451 1152 3515 est
1186 3445 1334 3515 illorum
1379 3444 1560 3515 sententia

326 3547 390 3632 qui
414 3546 558 3633 docent,
583 3549 694 3618 etiam
719 3550 946 3639 Episcopum
972 3570 1022 3622 ex
1046 3551 1311 3642 arpentiaaimu
1340 3570 1460 3621 causa
1491 3551 1562 3621 dis-

328 3672 488 3738 pensare
510 3673 624 3743 posse
648 3675 736 3726 oum
760 3659 1021 3746 impuberibus
1046 3661 1198 3730 rationis
1221 3679 1335 3730 usum
1352 3661 1400 3730 ad
1417 3679 1460 3730 se
1475 3658 1564 3729 obli-

327 3761 495 3849 gandum
520 3763 752 3852 habentibus,
779 3770 819 3834 ut
843 3767 1123 3837 matrimonium
1149 3768 1270 3838 valide
1293 3777 1329 3838 et
1353 3767 1446 3837 licito
1478 3785 1563 3836 con·

394 4040 405 4077 ¹
428 4041 611 4101 Benedictus
632 4041 707 4101 XIV
728 4048 825 4103 const.
844 4043 993 4118 Mapoue
1013 4047 1117 4116 nobis,
1138 4048 1157 4124 5
1178 4048 1222 4104 At
1242 4048 1329 4106 dicet
1348 4048 1484 4124 aliquis.

395 4138 460 4200 on.
485 4143 518 4199 et
539 4138 794 4218 Pupp-Seilagyi,
819 4143 876 4201 loe.
901 4145 955 4202 cit.
976 4160 1055 4221 pap.
1080 4144 1161 4213 422,
1182 4145 1233 4205 ubi
1255 4146 1408 4206 ruthenae
1428 4149 1461 4207 et
1482 4144 1562 4206 liba·

328 4239 431 4299 nensis
453 4238 648 4316 Synodorum
674 4243 806 4313 statuta,
834 4242 1009 4302 austriacae
1031 4241 1117 4319 legis
1133 4247 1283 4317 tenorem,
1305 4249 1338 4306 et
1363 4244 1561 4323 Apostolioaa

327 4337 417 4397 Sedis
437 4337 673 4398 instructionem
695 4356 786 4416 super
808 4339 865 4399 hoc
886 4341 1106 4417 impedimento
1127 4342 1237 4403 refert.

394 4434 502 4514 ²Oap.
527 4437 585 4494 uti
605 4455 674 4495 non
696 4445 745 4496 est
766 4437 800 4497 2.
823 4438 864 4499 da
886 4440 1071 4515 desponsat.
1098 4443 1318 4516 impuberum.

394 4534 502 4595 ⁸Loc.
526 4539 579 4594 eit.
605 4554 665 4594 nn.
691 4534 816 4596 50-52.
