3509 5317
1380 508 1739 570 —295—

335 667 373 709 «
404 647 604 716 iores
634 647 1009 717 inveneris
1041 649 1245 736 quod
1280 651 1573 736 primus
1599 651 1710 718 vir
1739 631 2213 737 superstitem
2248 654 2514 738 quarto
2546 652 2785 737 grmlu

335 775 372 817 «
403 756 1068 842 consanguinitatis
1114 757 1411 846 attingit,
1462 776 1611 826 non
1660 756 1966 828 differas
2012 757 2298 826 divortii
2346 756 2781 826 sententium

334 881 371 923 «
404 861 927 949 promulgare:
999 881 1236 950 aeque
1282 863 1475 932 enim
1545 869 1660 947 (ut
1703 883 2026 934 canones
2072 864 2358 948 diczent)
2427 862 2785 934 abstiwn-

334 987 372 1029 «
402 964 589 1034 dum
652 973 766 1036 est
809 987 860 1036 a
904 967 1470 1059 consanyuineis
1531 969 1807 1040 umoris
1869 971 2175 1054 (ratione
2221 971 2653 1068 affinitatis),
2709 980 2786 1040 ssi

333 1098 370 1140 «
403 1097 454 1146 a
479 1074 820 1166 propriis
853 1076 1162 1162 (ratione
1194 1079 1877 1167 consanguinitatis)
1911 1102 1974 1147 ».
2017 1081 2149 1148 His
2179 1079 2497 1149 concinit
2529 1080 2681 1149 trid·
2701 1100 2789 1144 zu*

330 1186 473 1255 tina
528 1184 886 1274 Synodus
933 1184 1134 1270 (sess.
1184 1187 1311 1259 24„
1350 1206 1410 1254 c.
1462 1190 1528 1254 5.
1578 1185 1672 1255 de
1719 1185 2030 1276 reform.
2079 1187 2373 1267 matr.):
2426 1207 2463 1249 «
2496 1185 2572 1255 Si
2621 1188 2785 1272 quic-1

335 1314 373 1356 «
405 1292 592 1364 infra
645 1294 928 1382 gradus
960 1294 1371 1383 prohibitos
1403 1296 1722 1365 scienter
1754 1295 2313 1366 matrimonium
2348 1301 2596 1374 contra
2613 1296 2785 1364 hare

332 1422 369 1464 ‹
401 1403 1038 1490 praesumpserit,
1086 1407 1518 1489 separetur,
1568 1410 1638 1473 et
1692 1422 1829 1490 spe
1893 1401 2467 1491 dispensationis
2535 1420 2789 1471 cunsa-

329 1530 366 1572 «
398 1510 749 1596 quendae
796 1515 1137 1580 careat».
2234 1565 2241 1570 .

463 1621 574 1689 10.
624 1618 825 1688 Licet
869 1619 1056 1687 haec
1102 1619 1247 1688 sint
1299 1620 1371 1686 in
1422 1618 1582 1687 iure
1634 1618 2261 1704 luculentissima,
2310 1636 2488 1686 cum
2535 1621 2781 1686 taum

325 1726 397 1793 in
446 1726 720 1796 iudicio
767 1726 1008 1815 agitur
1052 1725 1149 1795 de
1193 1725 1639 1796 declaranda
1691 1725 2020 1795 nullitate
2069 1724 2514 1793 matrimonii
2566 1744 2601 1787 «t
2637 1744 2781 1792 ,Ην-ιιι

326 1832 820 1918 «sufficiunt,
870 1833 964 1903 ad
1016 1833 1380 1902 monitum
1431 1833 1642 1901 Cosci
1702 1834 1852 1915 (De
1908 1835 2243 1920 separat.
2305 1828 2453 1899 tori
2501 1832 2781 1912 cons'sffff.

326 1961 363 2003 «
396 1937 515 2008 lib.
567 1942 637 2007 2.
684 1959 742 2010 c.
781 1941 887 2008 18.
936 1959 1009 2008 n.
1056 1941 1203 2007 274
1249 1943 1319 2007 et
1366 1942 1597 2027 seqq.)
1645 1958 1819 2008 cum
1871 1939 2276 2023 communi,
2302 1936 2785 2026 probatrofm

328 2068 365 2110 «
394 2045 673 2116 dubiae
718 2051 793 2116 et
837 2045 1167 2116 incertae
1191 2100 1216 2132 ,
1271 2045 1663 2134 minusque
1730 2044 2204 2116 coniecturae
2271 2050 2346 2113 et
2397 2063 2785 2133 praesum-

328 2174 365 2216 «
393 2153 693 2242 ptiones
711 2173 745 2239 ;
790 2153 925 2223 sed
970 2152 1468 2241 requiruntur
1512 2150 1998 2244 probationes
2048 2154 2405 2223 univocae
2427 2207 2452 2239 ,
2506 2156 2785 2223 consiss-

330 2282 367 2324 «
397 2260 662 2331 dentes
709 2267 784 2330 et
827 2261 903 2330 in
948 2282 1086 2332 suo
1129 2280 1399 2351 genere
1443 2261 1857 2352 perfectae,
1895 2263 2235 2333 Sanchez
2284 2264 2428 2343 (De
2451 2264 2781 2332 mursam,

328 2388 365 2430 ‹
396 2366 517 2436 lib.
565 2371 629 2438 3.
677 2368 869 2458 disp.
918 2371 1031 2438 41.
1081 2390 1149 2438 n.
1200 2371 1305 2454 4),
1361 2373 1547 2440 Rota
1558 2422 1748 2457 .....
1799 2370 1989 2439 adeo
2060 2376 2137 2439 ut
2195 2370 2427 2438 iudex
2479 2370 2569 2439 sit
2637 2392 2777 2436 ιιι-ιτι

326 2497 363 2539 «
395 2477 639 2563 quasi,
687 2478 820 2547 sed
871 2477 1180 2546 omnino
1225 2482 1506 2562 certus,
1564 2465 1939 2567 quod‘r’es
1985 2476 2206 2547 aliter
2250 2496 2409 2547 esse
2443 2497 2591 2546 non
2621 2500 2781 2564 pm-

324 2604 362 2646 «
393 2583 520 2669 sit,
558 2602 657 2652 ne
703 2584 907 2672 quod
957 2587 1160 2655 Deus
1191 2586 1595 2672 coniunxit,
1632 2587 1860 2655 homo
1908 2586 2267 2673 deceptus
2312 2593 2609 2672 separet
2645 2607 2773 2668 μιει·

322 2714 360 2756 «
391 2711 753 2778 errorem,
804 2712 1029 2781 quem
1081 2694 1358 2763 evitare
1407 2699 1713 2763 omnino
1764 2698 2054 2762 tenetur
2100 2710 2234 2779 per
2281 2712 2366 2762 ea
2403 2711 2596 2783 quae
2645 2704 2781 2760 tin-r.-

324 2820 362 2862 «
392 2801 497 2870 dit
546 2801 743 2870 Rub.
780 2853 795 2867 .
828 2854 843 2868 .
868 2853 883 2870 .
932 2822 996 2868 ».

1470 3034 1623 3116 §2

598 3231 793 3311 Quid
838 3231 909 3300 in
943 3230 1162 3336 sacto
1209 3250 1318 3299 ea:
1357 3229 1620 3320 prima
1662 3230 2198 3321 probationum
2244 3229 2509 3316 classe,

666 3359 774 3409 eoe
803 3337 1360 3430 parochialibus
1393 3357 1661 3428 nempe
1691 3336 2065 3408 codicibus
2096 3343 2440 3406 eruatur.

453 3553 566 3619 11.
615 3549 837 3636 Atqui
886 3550 957 3618 in
1007 3550 1332 3620 themate
1379 3556 1535 3620 tum
1586 3549 2058 3638 parochiales
2104 3550 2432 3636 Codices,
2479 3554 2633 3620 tum
2689 3556 2781 3620 iu-

316 3658 624 3730 diciales
671 3658 963 3728 taetium
997 3658 1499 3745 depositiones
1547 3664 2163 3745 commonstrant,
2199 3658 2469 3727 Titium
2520 3664 2591 3729 et
2625 3664 2785 3728 Bet·-

315 3770 470 3835 tam
524 3767 597 3834 in
649 3765 855 3834 tertio
905 3764 1198 3852 aequali
1244 3764 1904 3851 consanguinitatis
1950 3764 2192 3853 gradu
2238 3783 2338 3835 ex
2385 3765 2573 3835 linea
2645 3768 2785 3832 ml-

317 3871 604 3943 laterali
673 3871 1045 3959 coniungi.
1117 3869 1196 3938 Id
1244 3889 1430 3941 sane
1478 3872 1746 3958 probat
1805 3872 1877 3939 in
1930 3871 2188 3957 primis
2255 3871 2613 3940 librorum
2669 3896 2785 3960 1141-

317 3979 761 4050 rochialium
810 3979 1248 4064 auctoritas,
1297 3998 1439 4048 ceu
1486 3985 1686 4067 patet
1729 3998 1829 4048 ex
1879 3980 2150 4048 arbore
2213 3978 2689 4068 genealogias
2743 4008 2781 4044 ν.

315 4086 522 4156 libris
579 4086 979 4173 parochiae
1042 4105 1103 4154 s.
1150 4085 1443 4155 Martini
1514 4092 1768 4172 eruta,
1818 4104 2204 4174 quamque
2273 4086 2392 4155 hic
2439 4088 2580 4154 EE.
2649 4089 2778 4152 [Ψ.

314 4193 553 4263 oculis
602 4193 969 4262 subiicere
1017 4199 1530 4280 opportunum
1580 4192 1807 4261 duxi:
