3509 5317
870 486 1028 572 742-

338 633 467 696 «trem
492 628 528 693 et
550 629 710 693 matrem
734 639 780 692 ac
804 625 989 690 tenentem
1014 625 1176 689 tantum:
1202 619 1314 707 idque
1326 619 1431 689 iuxta
1442 622 1567 692 decre·

337 740 453 804 «tum
477 733 739 801 sacrosanctae
762 727 998 797 Tridentinae
1031 726 1181 814 synodi,
1207 725 1309 814 quod
1332 727 1368 795 in
1400 727 1565 799 Ecclesia

339 844 502 908 «nostra
525 838 670 907 dudum
696 834 882 905 invaluit»
912 832 933 901 ¹.

544 1067 576 1154 e)
602 1070 659 1136 De
683 1066 809 1155 tepolis
831 1067 1063 1156 cognationis
1086 1065 1361 1157 impedimento.

402 1271 456 1338 21.
482 1269 576 1338 Cum
601 1268 730 1357 legalis
742 1267 913 1355 cognatio
927 1287 977 1337 ex
992 1268 1193 1355 adoptione
1213 1269 1352 1338 oriatur
1364 1265 1567 1352 civili,iure

337 1376 585 1447 ecclesiastico
609 1377 670 1445 ius
699 1375 804 1446 civile
835 1375 961 1464 quoad
995 1376 1067 1446 hoc
1098 1375 1407 1464 impedimentum
1438 1391 1567 1460 appro

338 1484 448 1553 hante
472 1489 508 1552 et
530 1482 747 1570 excipiente,
772 1482 938 1570 nihilque
961 1483 999 1551 in
1031 1501 1077 1552 eo
1101 1489 1277 1568 mutante,
1301 1480 1567 1569 inquirendum

271 1679 273 1684 Ι
338 1590 458 1677 primo
482 1589 571 1678 quid
596 1595 635 1659 et
655 1590 863 1677 quotuplex
887 1591 933 1658 sit
956 1590 1105 1677 adoptio
1135 1590 1240 1660 iuxta
1263 1606 1465 1659 romanum
1497 1587 1566 1656 ius.

402 1699 458 1765 22.
482 1695 649 1786 Adoptio
674 1716 724 1767 ex
747 1698 819 1767 hoc
842 1698 923 1767 iure
958 1697 1208 1766 communiter
1243 1715 1332 1765 cum
1357 1697 1397 1764 D.
1422 1695 1567 1763 Thorna

337 1801 482 1872 deliniri
506 1804 614 1874 solet:
638 1821 825 1892 personae
856 1811 1060 1875 extraneae
1096 1805 1133 1872 in
1158 1803 1275 1873 illium
1310 1803 1368 1873 vel
1392 1810 1567 1889 nepotem

339 1910 498 1999 legitima
522 1913 720 2000 susceptio.
745 1914 795 1984 Ut
817 1918 942 1983 autem
967 1911 1116 2000 adoptio
1139 1910 1220 1981 fleri
1236 1913 1364 1998 possit,
1381 1910 1569 1998 quaedam

338 2040 359 2088 a
383 2019 464 2090 iure
489 2020 571 2107 ipso
588 2022 839 2108 praescriptae
854 2020 999 2090 servari
1019 2020 1157 2090 debent
1176 2019 1417 2104 conditiones,
1431 2016 1569 2086 scilieet

212 2126 213 2129 ’
338 2163 360 2173 -
383 2125 528 2215 Primo,
556 2134 597 2198 ut
619 2129 804 2216 adoptans
827 2129 874 2198 sit
898 2146 991 2212 mas,
1016 2145 1105 2196 nam
1125 2126 1286 2197 laminae
1307 2125 1571 2212 adoptaripos-

338 2235 516 2304 suntsed
540 2254 616 2303 non
650 2235 830 2323 adoptare
865 2235 935 2303 nisi
960 2253 1009 2304 ex
1039 2236 1248 2322 privilegi03
1272 2271 1295 2282 -
1319 2231 1502 2317 Secundo,
1532 2237 1571 2302 ut

339 2341 384 2409 sit
406 2342 463 2412 sui
488 2342 580 2412 iuris
603 2347 639 2412 et
663 2343 782 2412 maior
806 2343 930 2431 viginti
962 2344 1128 2431 quinque
1159 2344 1278 2428 annis,
1310 2360 1429 2430 quum
1464 2340 1571 2411 aliter

204 2497 207 2498 f
246 2495 250 2496 f
339 2467 412 2518 sua
433 2449 694 2520 administrare
717 2455 894 2538 nequeat3
918 2488 942 2498 -
973 2449 1106 2537 Tertio,
1136 2457 1174 2520 ut
1198 2469 1273 2520 non
1291 2451 1338 2520 sit
1352 2448 1568 2521 naturaliter

340 2555 526 2645 impotens
548 2577 618 2628 seu
641 2556 798 2647 frigidus
821 2576 871 2627 ex
895 2565 1027 2629 natura
1051 2560 1100 2627 ad
1124 2559 1398 2647 generandum,
1423 2574 1513 2627 cum
1533 2557 1569 2625 in
1659 2567 1662 2574 '

339 2664 484 2738 delectu
507 2664 680 2752 liliorum,
701 2685 798 2756 quos
822 2671 988 2753 spectata
1013 2672 1146 2736 natura
1172 2667 1313 2737 habere
1336 2671 1474 2753 posset
1492 2682 1571 2752 per

341 2773 505 2843 mittatur
529 2773 678 2862 adoptio
687 2795 695 2862 3
720 2812 739 2823 -
767 2775 930 2860 Quarto,
959 2779 1000 2844 ut
1022 2791 1108 2843 eam
1124 2773 1262 2843 habeat
1277 2778 1448 2859 aetatem,
1473 2791 1571 2861 quae

339 2882 500 2969 adoptati
525 2889 685 2953 aetatem
710 2882 869 2953 excedat
880 2882 990 2952 aunis
1005 2880 1137 2950 decem
1157 2887 1192 2950 et
1208 2886 1301 2969 octe,
1318 2879 1414 2952 adeo
1432 2886 1472 2950 ut
1486 2899 1572 2950 esse

340 2996 468 3078 posset
491 2989 572 3060 eius
596 2997 701 3078 pater
725 2988 925 3078 naturalis3
950 3027 973 3038 -
992 2985 1142 3074 Quinto,
1163 2993 1203 3057 ut
1216 2990 1263 3059 sit
1278 3007 1461 3076 praesens
1477 2988 1570 3059 dum

339 3096 382 3167 flt
403 3097 563 3187 adoptio,
588 3116 663 3168 non
688 3097 788 3166 euim
817 3095 899 3167 lieri
922 3101 1044 3184 potest
1075 3095 1226 3183 adoptio
1258 3114 1325 3185 per
1359 3096 1485 3166 literas
1509 3102 1573 3166 aut

340 3225 408 3293 per
430 3211 730 3293 procuratorem3
756 3211 791 3274 at
824 3205 979 3290 insuper
1012 3208 1050 3273 ut
1084 3203 1283 3291 adoptatus
1317 3204 1353 3272 in
1379 3223 1463 3273 eam
1488 3221 1574 3273 con·

340 3314 473 3384 sentiat
490 3310 512 3381 ².

405 3423 466 3490 23,
485 3420 643 3508 Adoptio
666 3424 799 3488 auem
823 3416 968 3505 duplex
989 3424 1065 3486 est:

410 3525 598 3613 Perfecta,
625 3546 699 3614 qua
727 3544 890 3613 persona
914 3531 1094 3595 extranea
1119 3525 1177 3594 sui
1203 3525 1303 3612 iuris,
1328 3523 1572 3613 formalegali

341 3654 409 3704 seu
433 3635 614 3722 rescripto
638 3632 828 3719 Principis,
853 3633 985 3702 transit
1018 3632 1054 3700 in
1087 3637 1308 3719 potestatem
1334 3638 1370 3701 et
1392 3629 1572 3703 familiam

341 3742 560 3829 adoptantis,
586 3745 622 3811 et
644 3741 772 3810 omnia
795 3738 858 3808 lilii
884 3739 1032 3829 legitimi
1061 3740 1145 3809 iura
1174 3739 1341 3828 acquirit,
1374 3741 1421 3809 ita
1447 3745 1487 3809 ut
1509 3737 1574 3809 flat

341 3849 475 3919 haeres
499 3848 736 3918 necessarius
760 3847 972 3934 adoptantis
997 3866 1048 3916 ex
1070 3853 1293 3916 testamento
1310 3847 1347 3914 in
1364 3852 1497 3934 quarta
1511 3847 1574 3916 bo·

341 3974 478 4025 norum
503 3962 617 4044 parte.
642 3954 835 4026 Eiusmodi
861 3954 1011 4043 adoptio
1036 3954 1168 4024 dicitur
1191 3952 1397 4041 arreptitia.

409 4186 418 4223 ¹
441 4184 583 4261 Synodus
603 4185 841 4259 Maronitarum,
865 4187 993 4265 Iosepho
1016 4186 1153 4246 Simonio
1176 4189 1344 4244 Assemano
1367 4186 1400 4245 S.
1425 4187 1463 4245 A.
1482 4185 1575 4245 Abie-

343 4289 427 4361 gato,
454 4301 505 4341 an.
538 4282 615 4341 1736
643 4284 812 4355 celebrata,
840 4293 930 4361 part.
954 4282 988 4343 2.
1016 4303 1088 4360 cap.
1118 4284 1169 4342 Η.
1197 4283 1269 4357 §3-
1299 4301 1333 4341 n.
1359 4282 1391 4344 4.
1412 4300 1490 4362 puy.
1518 4281 1571 4342 76.

341 4383 416 4442 edit.
442 4383 558 4442 Romae
581 4380 669 4441 1820.
1159 4383 1164 4390 '
1484 4385 1486 4390 ’

409 4480 422 4517 ²
443 4479 521 4540 Vide
542 4480 578 4538 rle
601 4480 649 4540 his
670 4482 810 4541 omnibus
832 4486 891 4542 tot.
916 4483 966 4541 tit.
991 4482 1025 4558 ff.
1052 4480 1127 4539 Cod.
1152 4480 1314 4539 etlmtr't.
1332 4479 1380 4538 De
1405 4481 1571 4556 adoption.

343 4583 375 4639 et
395 4577 495 4638 tradit
517 4578 654 4637 Sauchcz
678 4582 732 4639 tit.
758 4579 788 4638 7.
813 4582 898 4658 disp.
925 4580 980 4638 63.
1005 4598 1066 4638 nu.
1096 4577 1167 4637 1-3.
1307 4583 1310 4586 ’
1413 4589 1415 4592 ·
