<?xml version="1.0" encoding="UTF-8"?>
<!DOCTYPE html PUBLIC "-//W3C//DTD XHTML 1.0 Transitional//EN"
    "http://www.w3.org/TR/xhtml1/DTD/xhtml1-transitional.dtd">
<html xmlns="http://www.w3.org/1999/xhtml" xml:lang="en" lang="en">
 <head>
  <title>
</title>
<meta http-equiv="Content-Type" content="text/html;charset=utf-8" />
  <meta name='ocr-system' content='tesseract 3.04.00' />
  <meta name='ocr-capabilities' content='ocr_page ocr_carea ocr_par ocr_line ocrx_word'/>
</head>
<body>
  <div class='ocr_page' id='page_1' title='image "./decausismatrimo00mansgoog_0162.png"; bbox 0 0 3509 5317; ppageno 0'>
   <div class='ocr_carea' id='block_1_1' title="bbox 1691 454 2129 565">
    <p class='ocr_par' dir='ltr' id='par_1_1' title="bbox 1691 454 2129 565">
     <span class='ocr_line' id='line_1_1' title="bbox 1691 454 2129 565; baseline -0.007 1"><span class='ocrx_word' id='word_1_1' title='bbox 1691 454 2129 565; x_wconf 68' lang='lat' dir='ltr'><strong>--143-v</strong></span> 
     </span>
    </p>
   </div>
   <div class='ocr_carea' id='block_1_2' title="bbox 627 637 3153 3521">
    <p class='ocr_par' dir='ltr' id='par_1_2' title="bbox 637 637 3143 1160">
     <span class='ocr_line' id='line_1_2' title="bbox 777 637 3132 730; baseline -0.001 -19"><span class='ocrx_word' id='word_1_2' title='bbox 777 643 1244 712; x_wconf 89' lang='lat' dir='ltr'><strong>Domicilium</strong></span> <span class='ocrx_word' id='word_1_3' title='bbox 1309 642 1715 730; x_wconf 85' lang='lat' dir='ltr'><strong>acquiritur</strong></span> <span class='ocrx_word' id='word_1_4' title='bbox 1776 640 2029 711; x_wconf 79' lang='lat' dir='ltr'><strong>animo</strong></span> <span class='ocrx_word' id='word_1_5' title='bbox 2076 648 2148 710; x_wconf 90' lang='lat' dir='ltr'><strong>et</strong></span> <span class='ocrx_word' id='word_1_6' title='bbox 2191 641 2431 730; x_wconf 77' lang='lat' dir='ltr'><strong>succo.</strong></span> <span class='ocrx_word' id='word_1_7' title='bbox 2507 637 2697 709; x_wconf 90' lang='lat' dir='ltr'><strong>Hinc</strong></span> <span class='ocrx_word' id='word_1_8' title='bbox 2764 639 3132 710; x_wconf 82' lang='lat' dir='ltr'><strong>definitur</strong></span> 
     </span>
     <span class='ocr_line' id='line_1_3' title="bbox 648 747 3139 836; baseline 0 -22"><span class='ocrx_word' id='word_1_9' title='bbox 648 771 685 814; x_wconf 82' lang='lat'><strong>«</strong></span> <span class='ocrx_word' id='word_1_10' title='bbox 719 748 1079 820; x_wconf 78' lang='lat' dir='ltr'><strong>habitatio</strong></span> <span class='ocrx_word' id='word_1_11' title='bbox 1103 751 1174 818; x_wconf 92' lang='lat' dir='ltr'><strong>in</strong></span> <span class='ocrx_word' id='word_1_12' title='bbox 1211 749 1395 836; x_wconf 90' lang='lat' dir='ltr'><strong>loco,</strong></span> <span class='ocrx_word' id='word_1_13' title='bbox 1426 747 1679 818; x_wconf 78' lang='lat' dir='ltr'><strong>um&#39;mo</strong></span> <span class='ocrx_word' id='word_1_14' title='bbox 1712 750 1810 818; x_wconf 86' lang='lat' dir='ltr'><strong>ibi</strong></span> <span class='ocrx_word' id='word_1_15' title='bbox 1842 749 2195 819; x_wconf 83' lang='lat' dir='ltr'><strong>stabiliter</strong></span> <span class='ocrx_word' id='word_1_16' title='bbox 2222 748 2639 818; x_wconf 83' lang='lat' dir='ltr'><strong>manendi»</strong></span> <span class='ocrx_word' id='word_1_17' title='bbox 2680 747 2724 815; x_wconf 81' lang='lat'><strong>².</strong></span> <span class='ocrx_word' id='word_1_18' title='bbox 2768 785 2814 795; x_wconf 92' lang='lat'><em>-</em></span> <span class='ocrx_word' id='word_1_19' title='bbox 2844 747 3139 829; x_wconf 87' lang='lat' dir='ltr'><strong>Quasi—</strong></span> 
     </span>
     <span class='ocr_line' id='line_1_4' title="bbox 642 853 3136 942; baseline -0.002 -16"><span class='ocrx_word' id='word_1_20' title='bbox 642 857 1098 930; x_wconf 85' lang='lat' dir='ltr'><strong>domicilium</strong></span> <span class='ocrx_word' id='word_1_21' title='bbox 1146 862 1262 926; x_wconf 84' lang='lat' dir='ltr'><strong>est</strong></span> <span class='ocrx_word' id='word_1_22' title='bbox 1309 879 1347 920; x_wconf 80' lang='lat'>«</span> <span class='ocrx_word' id='word_1_23' title='bbox 1378 854 1743 925; x_wconf 78' lang='lat' dir='ltr'><strong>habitatio</strong></span> <span class='ocrx_word' id='word_1_24' title='bbox 1807 857 1879 925; x_wconf 93' lang='lat' dir='ltr'><strong>in</strong></span> <span class='ocrx_word' id='word_1_25' title='bbox 1933 857 2116 942; x_wconf 89' lang='lat' dir='ltr'><strong>loco,</strong></span> <span class='ocrx_word' id='word_1_26' title='bbox 2197 853 2452 924; x_wconf 81' lang='lat' dir='ltr'><strong>animo</strong></span> <span class='ocrx_word' id='word_1_27' title='bbox 2510 855 2607 924; x_wconf 90' lang='lat' dir='ltr'><strong>ibi</strong></span> <span class='ocrx_word' id='word_1_28' title='bbox 2665 854 3136 924; x_wconf 88' lang='lat' dir='ltr'><strong>consistendi</strong></span> 
     </span>
     <span class='ocr_line' id='line_1_5' title="bbox 637 961 3143 1092; baseline -0.002 -58"><span class='ocrx_word' id='word_1_29' title='bbox 637 984 782 1055; x_wconf 74' lang='lat' dir='ltr'><strong>per</strong></span> <span class='ocrx_word' id='word_1_30' title='bbox 827 963 1192 1033; x_wconf 73' lang='lat' dir='ltr'><strong>maiorem</strong></span> <span class='ocrx_word' id='word_1_31' title='bbox 1238 962 1422 1031; x_wconf 80' lang='lat' dir='ltr'><strong>unni</strong></span> <span class='ocrx_word' id='word_1_32' title='bbox 1459 969 1800 1053; x_wconf 73' lang='lat' dir='ltr'><strong>purtem,</strong></span> <span class='ocrx_word' id='word_1_33' title='bbox 1842 964 1977 1047; x_wconf 90' lang='lat' dir='ltr'><strong>vel,</strong></span> <span class='ocrx_word' id='word_1_34' title='bbox 2015 971 2096 1033; x_wconf 93' lang='lat' dir='ltr'><strong>ut</strong></span> <span class='ocrx_word' id='word_1_35' title='bbox 2128 962 2645 1092; x_wconf 81' lang='lat' dir='ltr'><strong>conformius</strong></span> <span class='ocrx_word' id='word_1_36' title='bbox 2628 963 2768 1032; x_wconf 79' lang='lat' dir='ltr'><strong>luri</strong></span> <span class='ocrx_word' id='word_1_37' title='bbox 2800 961 2919 1032; x_wconf 92' lang='lat' dir='ltr'><strong>alii</strong></span> <span class='ocrx_word' id='word_1_38' title='bbox 2964 980 3143 1031; x_wconf 89' lang='lat' dir='ltr'><strong>sen-</strong></span> 
     </span>
     <span class='ocr_line' id='line_1_6' title="bbox 644 1068 1866 1160; baseline -0.006 -19"><span class='ocrx_word' id='word_1_39' title='bbox 644 1074 849 1158; x_wconf 84' lang='lat' dir='ltr'><strong>tiunt,</strong></span> <span class='ocrx_word' id='word_1_40' title='bbox 893 1090 1037 1160; x_wconf 73' lang='lat' dir='ltr'><strong>per</strong></span> <span class='ocrx_word' id='word_1_41' title='bbox 1081 1069 1376 1160; x_wconf 80' lang='lat' dir='ltr'><strong>aliquot</strong></span> <span class='ocrx_word' id='word_1_42' title='bbox 1422 1090 1712 1140; x_wconf 79' lang='lat' dir='ltr'><strong>menses</strong></span> <span class='ocrx_word' id='word_1_43' title='bbox 1765 1068 1866 1134; x_wconf 81' lang='lat'><strong>»²</strong></span> 
     </span>
    </p>

    <p class='ocr_par' dir='ltr' id='par_1_3' title="bbox 646 1123 3147 2215">
     <span class='ocr_line' id='line_1_7' title="bbox 781 1123 3144 1267; baseline -0.003 -17"><span class='ocrx_word' id='word_1_44' title='bbox 781 1181 967 1250; x_wconf 89' lang='lat' dir='ltr'><strong>Cum</strong></span> <span class='ocrx_word' id='word_1_45' title='bbox 1016 1188 1271 1250; x_wconf 85' lang='lat' dir='ltr'><strong>autem</strong></span> <span class='ocrx_word' id='word_1_46' title='bbox 1318 1177 1770 1249; x_wconf 74' lang='lat' dir='ltr'><strong>domicilium</strong></span> <span class='ocrx_word' id='word_1_47' title='bbox 1804 1123 1922 1248; x_wconf 84' lang='lat' dir='ltr'><strong>vel</strong></span> <span class='ocrx_word' id='word_1_48' title='bbox 1958 1175 2685 1267; x_wconf 70' lang='lat' dir='ltr'><strong>quusi-domicilium</strong></span> <span class='ocrx_word' id='word_1_49' title='bbox 2717 1178 2964 1246; x_wconf 86' lang='lat' dir='ltr'><strong>statim</strong></span> <span class='ocrx_word' id='word_1_50' title='bbox 3016 1195 3144 1246; x_wconf 91' lang='lat' dir='ltr'><strong>ac·</strong></span> 
     </span>
     <span class='ocr_line' id='line_1_8' title="bbox 647 1282 3143 1375; baseline -0.002 -20"><span class='ocrx_word' id='word_1_51' title='bbox 647 1287 985 1375; x_wconf 84' lang='lat' dir='ltr'><strong>quiratur</strong></span> <span class='ocrx_word' id='word_1_52' title='bbox 1031 1300 1121 1355; x_wconf 93' lang='lat' dir='ltr'><strong>ac</strong></span> <span class='ocrx_word' id='word_1_53' title='bbox 1167 1285 1436 1372; x_wconf 84' lang='lat' dir='ltr'><strong>aliquis</strong></span> <span class='ocrx_word' id='word_1_54' title='bbox 1483 1285 1578 1355; x_wconf 92' lang='lat' dir='ltr'><strong>ad</strong></span> <span class='ocrx_word' id='word_1_55' title='bbox 1628 1285 1880 1354; x_wconf 91' lang='lat' dir='ltr'><strong>locum</strong></span> <span class='ocrx_word' id='word_1_56' title='bbox 1942 1284 2229 1353; x_wconf 87' lang='lat' dir='ltr'><strong>accedit</strong></span> <span class='ocrx_word' id='word_1_57' title='bbox 2277 1302 2453 1352; x_wconf 90' lang='lat' dir='ltr'><strong>cum</strong></span> <span class='ocrx_word' id='word_1_58' title='bbox 2521 1283 2776 1352; x_wconf 87' lang='lat' dir='ltr'><strong>animo</strong></span> <span class='ocrx_word' id='word_1_59' title='bbox 2823 1282 2919 1350; x_wconf 91' lang='lat' dir='ltr'><strong>ibi</strong></span> <span class='ocrx_word' id='word_1_60' title='bbox 2996 1300 3143 1368; x_wconf 88' lang='lat' dir='ltr'><strong>per</strong></span> 
     </span>
     <span class='ocr_line' id='line_1_9' title="bbox 646 1389 3144 1481; baseline -0.002 -18"><span class='ocrx_word' id='word_1_61' title='bbox 646 1400 947 1481; x_wconf 85' lang='lat' dir='ltr'><strong>tempus</strong></span> <span class='ocrx_word' id='word_1_62' title='bbox 999 1393 1409 1481; x_wconf 84' lang='lat' dir='ltr'><strong>legitimum</strong></span> <span class='ocrx_word' id='word_1_63' title='bbox 1459 1389 1904 1480; x_wconf 86' lang='lat' dir='ltr'><strong>persistendi</strong></span> <span class='ocrx_word' id='word_1_64' title='bbox 1955 1393 2050 1461; x_wconf 89' lang='lat' dir='ltr'><strong>ad</strong></span> <span class='ocrx_word' id='word_1_65' title='bbox 2101 1390 2473 1460; x_wconf 85' lang='lat' dir='ltr'><strong>eiusmodi</strong></span> <span class='ocrx_word' id='word_1_66' title='bbox 2523 1389 2894 1475; x_wconf 86' lang='lat' dir='ltr'><strong>effectum,</strong></span> <span class='ocrx_word' id='word_1_67' title='bbox 2956 1389 3144 1458; x_wconf 90' lang='lat' dir='ltr'><strong>hinc</strong></span> 
     </span>
     <span class='ocr_line' id='line_1_10' title="bbox 650 1496 3143 1587; baseline -0.001 -21"><span class='ocrx_word' id='word_1_68' title='bbox 650 1501 797 1569; x_wconf 94' lang='lat' dir='ltr'><strong>DD.</strong></span> <span class='ocrx_word' id='word_1_69' title='bbox 847 1501 1351 1571; x_wconf 88' lang='lat' dir='ltr'><strong>communiter</strong></span> <span class='ocrx_word' id='word_1_70' title='bbox 1397 1500 1684 1587; x_wconf 82' lang='lat' dir='ltr'><strong>docent,</strong></span> <span class='ocrx_word' id='word_1_71' title='bbox 1738 1500 1980 1570; x_wconf 78' lang='lat' dir='ltr'><strong>valide</strong></span> <span class='ocrx_word' id='word_1_72' title='bbox 2026 1500 2124 1568; x_wconf 87' lang='lat' dir='ltr'><strong>ibi</strong></span> <span class='ocrx_word' id='word_1_73' title='bbox 2160 1499 2742 1568; x_wconf 81' lang='lat' dir='ltr'><strong>matrimonium</strong></span> <span class='ocrx_word' id='word_1_74' title='bbox 2790 1496 3143 1565; x_wconf 87' lang='lat' dir='ltr'><strong>contrahi</strong></span> 
     </span>
     <span class='ocr_line' id='line_1_11' title="bbox 650 1601 3147 1693; baseline -0.002 -16"><span class='ocrx_word' id='word_1_75' title='bbox 650 1609 872 1678; x_wconf 91' lang='lat' dir='ltr'><strong>etiam</strong></span> <span class='ocrx_word' id='word_1_76' title='bbox 919 1608 1166 1676; x_wconf 87' lang='lat' dir='ltr'><strong>statim</strong></span> <span class='ocrx_word' id='word_1_77' title='bbox 1213 1626 1303 1677; x_wconf 91' lang='lat' dir='ltr'><strong>ac</strong></span> <span class='ocrx_word' id='word_1_78' title='bbox 1350 1606 1523 1677; x_wconf 93' lang='lat' dir='ltr'><strong>illuc</strong></span> <span class='ocrx_word' id='word_1_79' title='bbox 1568 1608 2096 1678; x_wconf 79' lang='lat' dir='ltr'><strong>contrahentes</strong></span> <span class='ocrx_word' id='word_1_80' title='bbox 2142 1605 2565 1693; x_wconf 78' lang='lat' dir='ltr'><strong>appulerint</strong></span> <span class='ocrx_word' id='word_1_81' title='bbox 2611 1601 2657 1670; x_wconf 82' lang='lat'><strong>⁸.</strong></span> <span class='ocrx_word' id='word_1_82' title='bbox 2706 1604 2958 1690; x_wconf 88' lang='lat' dir='ltr'><strong>Decipi</strong></span> <span class='ocrx_word' id='word_1_83' title='bbox 3006 1623 3147 1672; x_wconf 86' lang='lat' dir='ltr'><strong>au-</strong></span> 
     </span>
     <span class='ocr_line' id='line_1_12' title="bbox 650 1711 3145 1802; baseline -0.003 -17"><span class='ocrx_word' id='word_1_84' title='bbox 650 1723 800 1785; x_wconf 87' lang='lat' dir='ltr'><strong>tem</strong></span> <span class='ocrx_word' id='word_1_85' title='bbox 849 1733 983 1784; x_wconf 90' lang='lat' dir='ltr'><strong>eos</strong></span> <span class='ocrx_word' id='word_1_86' title='bbox 1030 1715 1425 1785; x_wconf 86' lang='lat' dir='ltr'><strong>ostendam</strong></span> <span class='ocrx_word' id='word_1_87' title='bbox 1472 1712 1666 1784; x_wconf 78' lang='lat' dir='ltr'><strong>infra</strong></span> <span class='ocrx_word' id='word_1_88' title='bbox 1711 1712 1755 1796; x_wconf 73' lang='lat'><strong>⁴,</strong></span> <span class='ocrx_word' id='word_1_89' title='bbox 1808 1715 1934 1802; x_wconf 89' lang='lat' dir='ltr'><strong>qui</strong></span> <span class='ocrx_word' id='word_1_90' title='bbox 1986 1711 2337 1782; x_wconf 73' lang='lat' dir='ltr'><strong>tuoeutz&#39;ce</strong></span> <span class='ocrx_word' id='word_1_91' title='bbox 2401 1713 2679 1781; x_wconf 81' lang='lat' dir='ltr'><strong>dictum</strong></span> <span class='ocrx_word' id='word_1_92' title='bbox 2728 1729 2776 1778; x_wconf 85' lang='lat' dir='ltr'><strong>a</strong></span> <span class='ocrx_word' id='word_1_93' title='bbox 2830 1711 3145 1779; x_wconf 92' lang='lat' dir='ltr'><strong>Benedi-</strong></span> 
     </span>
     <span class='ocr_line' id='line_1_13' title="bbox 651 1816 3143 1909; baseline -0.002 -17"><span class='ocrx_word' id='word_1_94' title='bbox 651 1829 769 1892; x_wconf 92' lang='lat' dir='ltr'><strong>cto</strong></span> <span class='ocrx_word' id='word_1_95' title='bbox 816 1822 995 1891; x_wconf 84' lang='lat' dir='ltr'><strong>XIV</strong></span> <span class='ocrx_word' id='word_1_96' title='bbox 1039 1822 1135 1892; x_wconf 91' lang='lat' dir='ltr'><strong>ad</strong></span> <span class='ocrx_word' id='word_1_97' title='bbox 1170 1822 1839 1909; x_wconf 83' lang='lat' dir='ltr'><strong>Archiepiscopum</strong></span> <span class='ocrx_word' id='word_1_98' title='bbox 1870 1822 2220 1891; x_wconf 88' lang='lat' dir='ltr'><strong>Goanum</strong></span> <span class='ocrx_word' id='word_1_99' title='bbox 2253 1825 2522 1905; x_wconf 87' lang='lat' dir='ltr'><strong>tenent,</strong></span> <span class='ocrx_word' id='word_1_100' title='bbox 2550 1817 2883 1906; x_wconf 77' lang='lat' dir='ltr'><strong>spatium</strong></span> <span class='ocrx_word' id='word_1_101' title='bbox 2911 1816 3143 1886; x_wconf 80' lang='lat' dir='ltr'><strong>unius</strong></span> 
     </span>
     <span class='ocr_line' id='line_1_14' title="bbox 652 1926 3147 2019; baseline -0.002 -21"><span class='ocrx_word' id='word_1_102' title='bbox 652 1929 924 1999; x_wconf 77' lang='lat' dir='ltr'><strong>mensis</strong></span> <span class='ocrx_word' id='word_1_103' title='bbox 972 1927 1330 2019; x_wconf 76' lang='lat' dir='ltr'><strong>sufficere</strong></span> <span class='ocrx_word' id='word_1_104' title='bbox 1375 1936 1446 1998; x_wconf 92' lang='lat' dir='ltr'><strong>et</strong></span> <span class='ocrx_word' id='word_1_105' title='bbox 1491 1928 1780 2018; x_wconf 70' lang='lat' dir='ltr'><strong>requiri</strong></span> <span class='ocrx_word' id='word_1_106' title='bbox 1813 1935 1890 1998; x_wconf 89' lang='lat' dir='ltr'><strong>ut</strong></span> <span class='ocrx_word' id='word_1_107' title='bbox 1920 1926 2652 2017; x_wconf 89' lang='lat' dir='ltr'><strong>quasi—domicilium</strong></span> <span class='ocrx_word' id='word_1_108' title='bbox 2688 1927 2858 2014; x_wconf 86' lang='lat' dir='ltr'><strong>quis</strong></span> <span class='ocrx_word' id='word_1_109' title='bbox 2890 1926 3147 2012; x_wconf 87' lang='lat' dir='ltr'><strong>acqui-</strong></span> 
     </span>
     <span class='ocr_line' id='line_1_15' title="bbox 654 2023 3147 2120; baseline -0.002 -16"><span class='ocrx_word' id='word_1_110' title='bbox 654 2045 785 2120; x_wconf 85' lang='lat' dir='ltr'><strong>rat,</strong></span> <span class='ocrx_word' id='word_1_111' title='bbox 833 2055 1017 2105; x_wconf 86' lang='lat' dir='ltr'><strong>cum-</strong></span> <span class='ocrx_word' id='word_1_112' title='bbox 1058 2043 1321 2106; x_wconf 84' lang='lat' dir='ltr'><strong>contra</strong></span> <span class='ocrx_word' id='word_1_113' title='bbox 1366 2055 1665 2105; x_wconf 89' lang='lat' dir='ltr'><strong>merum</strong></span> <span class='ocrx_word' id='word_1_114' title='bbox 1714 2023 2064 2106; x_wconf 86' lang='lat' dir='ltr'><strong>indicium</strong></span> <span class='ocrx_word' id='word_1_115' title='bbox 2122 2054 2260 2105; x_wconf 88' lang='lat' dir='ltr'><strong>seu</strong></span> <span class='ocrx_word' id='word_1_116' title='bbox 2311 2032 2849 2104; x_wconf 71' lang='lat' dir='ltr'><strong>adminiculum</strong></span> <span class='ocrx_word' id='word_1_117' title='bbox 2896 2033 3147 2101; x_wconf 87' lang='lat' dir='ltr'><strong>Ponti-</strong></span> 
     </span>
     <span class='ocr_line' id='line_1_16' title="bbox 653 2144 1085 2215; baseline -0.005 -2"><span class='ocrx_word' id='word_1_118' title='bbox 653 2144 780 2215; x_wconf 83' lang='lat' dir='ltr'><strong>fex</strong></span> <span class='ocrx_word' id='word_1_119' title='bbox 826 2145 1085 2214; x_wconf 83' lang='lat' dir='ltr'><strong>tradat.</strong></span> 
     </span>
    </p>

    <p class='ocr_par' dir='ltr' id='par_1_4' title="bbox 655 2248 3153 2447">
     <span class='ocr_line' id='line_1_17' title="bbox 787 2248 3153 2340; baseline -0.002 -20"><span class='ocrx_word' id='word_1_120' title='bbox 787 2255 951 2321; x_wconf 89' lang='lat' dir='ltr'><strong>Non</strong></span> <span class='ocrx_word' id='word_1_121' title='bbox 999 2258 1251 2322; x_wconf 89' lang='lat' dir='ltr'><strong>tamen</strong></span> <span class='ocrx_word' id='word_1_122' title='bbox 1319 2253 1724 2339; x_wconf 84' lang='lat' dir='ltr'><strong>acquiritur</strong></span> <span class='ocrx_word' id='word_1_123' title='bbox 1794 2250 2518 2340; x_wconf 87' lang='lat' dir='ltr'><strong>quasi—domicilium</strong></span> <span class='ocrx_word' id='word_1_124' title='bbox 2572 2250 2737 2318; x_wconf 93' lang='lat' dir='ltr'><strong>solo</strong></span> <span class='ocrx_word' id='word_1_125' title='bbox 2809 2248 3153 2318; x_wconf 73' lang='lat' dir='ltr'><strong>rurundc&#39;</strong></span> 
     </span>
     <span class='ocr_line' id='line_1_18' title="bbox 655 2354 2911 2447; baseline -0.003 -18"><span class='ocrx_word' id='word_1_126' title='bbox 655 2361 935 2444; x_wconf 81' lang='lat' dir='ltr'><strong>anime,</strong></span> <span class='ocrx_word' id='word_1_127' title='bbox 994 2371 1072 2428; x_wconf 89' lang='lat' dir='ltr'><strong>ut</strong></span> <span class='ocrx_word' id='word_1_128' title='bbox 1119 2361 1190 2428; x_wconf 83' lang='lat' dir='ltr'><strong>S.</strong></span> <span class='ocrx_word' id='word_1_129' title='bbox 1239 2359 1312 2447; x_wconf 67' lang='lat' dir='ltr'><strong>C.</strong></span> <span class='ocrx_word' id='word_1_130' title='bbox 1363 2360 1660 2428; x_wconf 92' lang='lat' dir='ltr'><strong>Concilii</strong></span> <span class='ocrx_word' id='word_1_131' title='bbox 1709 2359 2117 2428; x_wconf 81' lang='lat' dir='ltr'><strong>declaravit</strong></span> <span class='ocrx_word' id='word_1_132' title='bbox 2164 2361 2198 2426; x_wconf 94' lang='lat'><strong>1</strong></span> <span class='ocrx_word' id='word_1_133' title='bbox 2253 2357 2589 2427; x_wconf 90' lang='lat' dir='ltr'><strong>decemb.</strong></span> <span class='ocrx_word' id='word_1_134' title='bbox 2642 2358 2818 2426; x_wconf 82' lang='lat'><strong>1640</strong></span> <span class='ocrx_word' id='word_1_135' title='bbox 2867 2354 2911 2423; x_wconf 81' lang='lat'><strong>⁵.</strong></span> 
     </span>
    </p>

    <p class='ocr_par' dir='ltr' id='par_1_5' title="bbox 627 2464 3149 3309">
     <span class='ocr_line' id='line_1_19' title="bbox 789 2464 3145 2554; baseline -0.002 -18"><span class='ocrx_word' id='word_1_136' title='bbox 789 2469 898 2536; x_wconf 83' lang='lat'><strong>21.</strong></span> <span class='ocrx_word' id='word_1_137' title='bbox 947 2467 1249 2536; x_wconf 87' lang='lat' dir='ltr'><strong>Praeter</strong></span> <span class='ocrx_word' id='word_1_138' title='bbox 1296 2472 1545 2536; x_wconf 88' lang='lat' dir='ltr'><strong>autem</strong></span> <span class='ocrx_word' id='word_1_139' title='bbox 1601 2468 2018 2554; x_wconf 85' lang='lat' dir='ltr'><strong>parochum</strong></span> <span class='ocrx_word' id='word_1_140' title='bbox 2069 2475 2184 2536; x_wconf 91' lang='lat' dir='ltr'><strong>est</strong></span> <span class='ocrx_word' id='word_1_141' title='bbox 2229 2465 2667 2535; x_wconf 88' lang='lat' dir='ltr'><strong>Ordinarius</strong></span> <span class='ocrx_word' id='word_1_142' title='bbox 2716 2464 2976 2533; x_wconf 90' lang='lat' dir='ltr'><strong>valens</strong></span> <span class='ocrx_word' id='word_1_143' title='bbox 3022 2482 3145 2532; x_wconf 88' lang='lat' dir='ltr'><strong>as-</strong></span> 
     </span>
     <span class='ocr_line' id='line_1_20' title="bbox 657 2573 3144 2660; baseline -0.001 -19"><span class='ocrx_word' id='word_1_144' title='bbox 657 2573 918 2642; x_wconf 83' lang='lat' dir='ltr'><strong>sistere</strong></span> <span class='ocrx_word' id='word_1_145' title='bbox 968 2574 1457 2643; x_wconf 88' lang='lat' dir='ltr'><strong>matrimoniis</strong></span> <span class='ocrx_word' id='word_1_146' title='bbox 1487 2580 1557 2653; x_wconf 88' lang='lat' dir='ltr'><strong>et</strong></span> <span class='ocrx_word' id='word_1_147' title='bbox 1589 2575 1772 2643; x_wconf 89' lang='lat' dir='ltr'><strong>dare</strong></span> <span class='ocrx_word' id='word_1_148' title='bbox 1804 2575 2172 2642; x_wconf 89' lang='lat' dir='ltr'><strong>licentiam</strong></span> <span class='ocrx_word' id='word_1_149' title='bbox 2207 2573 2575 2660; x_wconf 87' lang='lat' dir='ltr'><strong>imprimis</strong></span> <span class='ocrx_word' id='word_1_150' title='bbox 2619 2573 2843 2660; x_wconf 79' lang='lat' dir='ltr'><strong>Papa</strong></span> <span class='ocrx_word' id='word_1_151' title='bbox 2891 2589 3144 2657; x_wconf 91' lang='lat' dir='ltr'><strong>respe-</strong></span> 
     </span>
     <span class='ocr_line' id='line_1_21' title="bbox 661 2679 3149 2769; baseline -0.002 -19"><span class='ocrx_word' id='word_1_152' title='bbox 661 2686 782 2750; x_wconf 83' lang='lat' dir='ltr'><strong>ctu</strong></span> <span class='ocrx_word' id='word_1_153' title='bbox 833 2682 1172 2749; x_wconf 87' lang='lat' dir='ltr'><strong>omniurn</strong></span> <span class='ocrx_word' id='word_1_154' title='bbox 1222 2681 1485 2752; x_wconf 89' lang='lat' dir='ltr'><strong>Christi</strong></span> <span class='ocrx_word' id='word_1_155' title='bbox 1532 2679 1905 2767; x_wconf 82' lang='lat' dir='ltr'><strong>fidelium3</strong></span> <span class='ocrx_word' id='word_1_156' title='bbox 1958 2682 2288 2769; x_wconf 49' lang='grc' dir='ltr'><strong>[κεραίας</strong></span> <span class='ocrx_word' id='word_1_157' title='bbox 2339 2680 2604 2767; x_wconf 76' lang='lat' dir='ltr'><strong>Papae</strong></span> <span class='ocrx_word' id='word_1_158' title='bbox 2650 2680 2724 2746; x_wconf 92' lang='lat' dir='ltr'><strong>in</strong></span> <span class='ocrx_word' id='word_1_159' title='bbox 2773 2698 2961 2747; x_wconf 89' lang='lat' dir='ltr'><strong>suae</strong></span> <span class='ocrx_word' id='word_1_160' title='bbox 3009 2679 3149 2745; x_wconf 91' lang='lat' dir='ltr'><strong>Le-</strong></span> 
     </span>
     <span class='ocr_line' id='line_1_22' title="bbox 663 2784 3134 2876; baseline -0.002 -19"><span class='ocrx_word' id='word_1_161' title='bbox 663 2789 977 2875; x_wconf 83' lang='lat' dir='ltr'><strong>gationis</strong></span> <span class='ocrx_word' id='word_1_162' title='bbox 1035 2788 1450 2875; x_wconf 85' lang='lat' dir='ltr'><strong>provincia3</strong></span> <span class='ocrx_word' id='word_1_163' title='bbox 1525 2786 2149 2876; x_wconf 72' lang='lat' dir='ltr'><strong>Archiepiscopus</strong></span> <span class='ocrx_word' id='word_1_164' title='bbox 2234 2796 2578 2873; x_wconf 87' lang='lat' dir='ltr'><strong>respectu</strong></span> <span class='ocrx_word' id='word_1_165' title='bbox 2655 2784 3134 2854; x_wconf 85' lang='lat' dir='ltr'><strong>subditorum</strong></span> 
     </span>
     <span class='ocr_line' id='line_1_23' title="bbox 662 2892 3148 2983; baseline 0 -20"><span class='ocrx_word' id='word_1_166' title='bbox 662 2915 848 2964; x_wconf 90' lang='lat' dir='ltr'><strong>suae</strong></span> <span class='ocrx_word' id='word_1_167' title='bbox 911 2896 1520 2983; x_wconf 80' lang='lat' dir='ltr'><strong>ArchidioecesiS,</strong></span> <span class='ocrx_word' id='word_1_168' title='bbox 1596 2915 1745 2963; x_wconf 88' lang='lat' dir='ltr'><strong>non</strong></span> <span class='ocrx_word' id='word_1_169' title='bbox 1820 2915 1997 2965; x_wconf 92' lang='lat' dir='ltr'><strong>vero</strong></span> <span class='ocrx_word' id='word_1_170' title='bbox 2056 2896 2308 2983; x_wconf 82' lang='lat' dir='ltr'><strong>quoad</strong></span> <span class='ocrx_word' id='word_1_171' title='bbox 2366 2894 2710 2964; x_wconf 89' lang='lat' dir='ltr'><strong>subditos</strong></span> <span class='ocrx_word' id='word_1_172' title='bbox 2764 2892 3148 2980; x_wconf 85' lang='lat' dir='ltr'><strong>Suffraga-</strong></span> 
     </span>
     <span class='ocr_line' id='line_1_24' title="bbox 662 2999 3147 3091; baseline 0 -21"><span class='ocrx_word' id='word_1_173' title='bbox 662 3022 1015 3089; x_wconf 89' lang='lat' dir='ltr'><strong>neorum‚</strong></span> <span class='ocrx_word' id='word_1_174' title='bbox 1067 3005 1400 3091; x_wconf 86' lang='lat' dir='ltr'><strong>exceptis</strong></span> <span class='ocrx_word' id='word_1_175' title='bbox 1448 3004 1750 3073; x_wconf 88' lang='lat' dir='ltr'><strong>casibus</strong></span> <span class='ocrx_word' id='word_1_176' title='bbox 1798 3005 1893 3073; x_wconf 91' lang='lat' dir='ltr'><strong>de</strong></span> <span class='ocrx_word' id='word_1_177' title='bbox 1943 3005 2102 3072; x_wconf 92' lang='lat' dir='ltr'><strong>iure</strong></span> <span class='ocrx_word' id='word_1_178' title='bbox 2172 3002 2649 3090; x_wconf 84' lang='lat' dir='ltr'><strong>excipiendis3</strong></span> <span class='ocrx_word' id='word_1_179' title='bbox 2724 2999 3147 3090; x_wconf 77' lang='lat' dir='ltr'><strong>Episcopus</strong></span> 
     </span>
     <span class='ocr_line' id='line_1_25' title="bbox 627 3111 3148 3200; baseline -0.001 -17"><span class='ocrx_word' id='word_1_180' title='bbox 627 3114 935 3200; x_wconf 76' lang='lat' dir='ltr'><strong>aliique</strong></span> <span class='ocrx_word' id='word_1_181' title='bbox 985 3111 1328 3181; x_wconf 72' lang='lat' dir='ltr'><strong>Praelati</strong></span> <span class='ocrx_word' id='word_1_182' title='bbox 1370 3114 1951 3182; x_wconf 88' lang='lat' dir='ltr'><strong>iurisdictionem</strong></span> <span class='ocrx_word' id='word_1_183' title='bbox 2002 3113 2220 3199; x_wconf 86' lang='lat' dir='ltr'><strong>quasi</strong></span> <span class='ocrx_word' id='word_1_184' title='bbox 2288 3111 2796 3198; x_wconf 89' lang='lat' dir='ltr'><strong>episcopalem</strong></span> <span class='ocrx_word' id='word_1_185' title='bbox 2844 3111 2915 3179; x_wconf 93' lang='lat' dir='ltr'><strong>in</strong></span> <span class='ocrx_word' id='word_1_186' title='bbox 2965 3111 3148 3180; x_wconf 87' lang='lat' dir='ltr'><strong>sub-</strong></span> 
     </span>
     <span class='ocr_line' id='line_1_26' title="bbox 665 3215 2614 3309; baseline -0.003 -20"><span class='ocrx_word' id='word_1_187' title='bbox 665 3222 859 3289; x_wconf 87' lang='lat' dir='ltr'><strong>ditos</strong></span> <span class='ocrx_word' id='word_1_188' title='bbox 906 3219 1299 3305; x_wconf 86' lang='lat' dir='ltr'><strong>habentes;</strong></span> <span class='ocrx_word' id='word_1_189' title='bbox 1373 3218 1710 3289; x_wconf 75' lang='lat' dir='ltr'><strong>Vicarius</strong></span> <span class='ocrx_word' id='word_1_190' title='bbox 1753 3218 2125 3309; x_wconf 69' lang='lat' dir='ltr'><strong>yenerulis</strong></span> <span class='ocrx_word' id='word_1_191' title='bbox 2176 3219 2516 3307; x_wconf 87' lang='lat' dir='ltr'><strong>Episcopi</strong></span> <span class='ocrx_word' id='word_1_192' title='bbox 2569 3215 2614 3283; x_wconf 80' lang='lat'><strong>⁶.</strong></span> 
     </span>
    </p>

    <p class='ocr_par' dir='ltr' id='par_1_6' title="bbox 668 3325 3150 3521">
     <span class='ocr_line' id='line_1_27' title="bbox 800 3325 3150 3415; baseline -0 -21"><span class='ocrx_word' id='word_1_193' title='bbox 800 3329 906 3394; x_wconf 91' lang='grc'><strong>22.</strong></span> <span class='ocrx_word' id='word_1_194' title='bbox 957 3326 1072 3394; x_wconf 86' lang='lat' dir='ltr'><strong>Ad</strong></span> <span class='ocrx_word' id='word_1_195' title='bbox 1123 3346 1352 3415; x_wconf 66' lang='lat' dir='ltr'><strong>vuyos</strong></span> <span class='ocrx_word' id='word_1_196' title='bbox 1399 3328 1603 3415; x_wconf 85' lang='lat' dir='ltr'><strong>quod</strong></span> <span class='ocrx_word' id='word_1_197' title='bbox 1652 3327 1902 3396; x_wconf 87' lang='lat' dir='ltr'><strong>attinet</strong></span> <span class='ocrx_word' id='word_1_198' title='bbox 1951 3332 2297 3413; x_wconf 90' lang='lat' dir='ltr'><strong>respectu</strong></span> <span class='ocrx_word' id='word_1_199' title='bbox 2352 3325 2818 3409; x_wconf 86' lang='lat' dir='ltr'><strong>matrimonii,</strong></span> <span class='ocrx_word' id='word_1_200' title='bbox 2864 3344 3150 3413; x_wconf 62' lang='lat' dir='ltr'><strong>vagum</strong></span> 
     </span>
     <span class='ocr_line' id='line_1_28' title="bbox 668 3429 3146 3521; baseline -0.001 -20"><span class='ocrx_word' id='word_1_201' title='bbox 668 3431 924 3502; x_wconf 82' lang='lat' dir='ltr'><strong>definit</strong></span> <span class='ocrx_word' id='word_1_202' title='bbox 969 3434 1410 3503; x_wconf 91' lang='lat' dir='ltr'><strong>Benedictus</strong></span> <span class='ocrx_word' id='word_1_203' title='bbox 1453 3434 1634 3502; x_wconf 92' lang='lat' dir='ltr'><strong>XIV</strong></span> <span class='ocrx_word' id='word_1_204' title='bbox 1667 3432 1712 3500; x_wconf 82' lang='lat'><strong>².</strong></span> <span class='ocrx_word' id='word_1_205' title='bbox 1764 3431 1896 3521; x_wconf 86' lang='lat' dir='ltr'><strong>qui</strong></span> <span class='ocrx_word' id='word_1_206' title='bbox 1939 3431 2196 3501; x_wconf 72' lang='lat' dir='ltr'><strong>relicto</strong></span> <span class='ocrx_word' id='word_1_207' title='bbox 2258 3450 2393 3500; x_wconf 79' lang='lat' dir='ltr'><strong>suo</strong></span> <span class='ocrx_word' id='word_1_208' title='bbox 2440 3429 2833 3516; x_wconf 77' lang='lat' dir='ltr'><strong>domicilio,</strong></span> <span class='ocrx_word' id='word_1_209' title='bbox 2886 3429 3146 3499; x_wconf 75' lang='lat' dir='ltr'><strong>sedem</strong></span> 
     </span>
    </p>
   </div>
   <div class='ocr_carea' id='block_1_3' title="bbox 675 3730 3151 4101">
    <p class='ocr_par' dir='ltr' id='par_1_7' title="bbox 675 3730 3151 3904">
     <span class='ocr_line' id='line_1_29' title="bbox 808 3730 3151 3809; baseline -0 -18"><span class='ocrx_word' id='word_1_210' title='bbox 808 3733 825 3769; x_wconf 89' lang='lat'>¹</span> <span class='ocrx_word' id='word_1_211' title='bbox 870 3732 1132 3791; x_wconf 87' lang='lat' dir='ltr'><strong>Leuren.</strong></span> <span class='ocrx_word' id='word_1_212' title='bbox 1194 3733 1241 3791; x_wconf 89' lang='lat'><strong>1.</strong></span> <span class='ocrx_word' id='word_1_213' title='bbox 1304 3731 1377 3791; x_wconf 91' lang='lat' dir='ltr'><strong>U.</strong></span> <span class='ocrx_word' id='word_1_214' title='bbox 1446 3734 1552 3791; x_wconf 77' lang='lat' dir='ltr'><strong>lib.</strong></span> <span class='ocrx_word' id='word_1_215' title='bbox 1616 3733 1682 3791; x_wconf 93' lang='grc'><strong>2.</strong></span> <span class='ocrx_word' id='word_1_216' title='bbox 1745 3736 1840 3792; x_wconf 58' lang='lat' dir='ltr'><strong>tit.</strong></span> <span class='ocrx_word' id='word_1_217' title='bbox 1899 3732 1963 3792; x_wconf 88' lang='grc'><strong>2.</strong></span> <span class='ocrx_word' id='word_1_218' title='bbox 2024 3741 2281 3809; x_wconf 82' lang='lat' dir='ltr'><strong>quaest.</strong></span> <span class='ocrx_word' id='word_1_219' title='bbox 2336 3731 2446 3791; x_wconf 87' lang='grc'><strong>72.</strong></span> <span class='ocrx_word' id='word_1_220' title='bbox 2495 3733 2653 3791; x_wconf 88' lang='lat' dir='ltr'><strong>Vide</strong></span> <span class='ocrx_word' id='word_1_221' title='bbox 2715 3750 2773 3808; x_wconf 90' lang='lat' dir='ltr'><strong>p.</strong></span> <span class='ocrx_word' id='word_1_222' title='bbox 2830 3730 3151 3790; x_wconf 89' lang='lat' dir='ltr'><strong>Perrrone</strong></span> 
     </span>
     <span class='ocr_line' id='line_1_30' title="bbox 675 3825 2865 3904; baseline -0 -19"><span class='ocrx_word' id='word_1_223' title='bbox 675 3829 753 3886; x_wconf 85' lang='lat' dir='ltr'><strong>de</strong></span> <span class='ocrx_word' id='word_1_224' title='bbox 797 3831 1086 3888; x_wconf 71' lang='lat' dir='ltr'><strong>muti-im.</strong></span> <span class='ocrx_word' id='word_1_225' title='bbox 1135 3830 1356 3888; x_wconf 76' lang='lat' dir='ltr'><strong>christ.</strong></span> <span class='ocrx_word' id='word_1_226' title='bbox 1411 3831 1520 3889; x_wconf 80' lang='lat' dir='ltr'><strong>lib.</strong></span> <span class='ocrx_word' id='word_1_227' title='bbox 1567 3830 1632 3889; x_wconf 96' lang='grc'><strong>2.</strong></span> <span class='ocrx_word' id='word_1_228' title='bbox 1681 3839 1830 3889; x_wconf 81' lang='lat' dir='ltr'><strong>sect.</strong></span> <span class='ocrx_word' id='word_1_229' title='bbox 1897 3832 1951 3890; x_wconf 83' lang='lat'><strong>1.</strong></span> <span class='ocrx_word' id='word_1_230' title='bbox 2000 3850 2053 3890; x_wconf 90' lang='lat' dir='ltr'><strong>c.</strong></span> <span class='ocrx_word' id='word_1_231' title='bbox 2104 3833 2167 3889; x_wconf 84' lang='lat'><strong>6.</strong></span> <span class='ocrx_word' id='word_1_232' title='bbox 2218 3838 2343 3889; x_wconf 79' lang='lat' dir='ltr'><strong>art.</strong></span> <span class='ocrx_word' id='word_1_233' title='bbox 2394 3829 2457 3888; x_wconf 90' lang='lat'><strong>5.</strong></span> <span class='ocrx_word' id='word_1_234' title='bbox 2502 3846 2656 3904; x_wconf 70' lang='lat' dir='ltr'><strong>pay.</strong></span> <span class='ocrx_word' id='word_1_235' title='bbox 2708 3825 2865 3887; x_wconf 89' lang='grc'><strong>279.</strong></span> 
     </span>
    </p>

    <p class='ocr_par' dir='ltr' id='par_1_8' title="bbox 807 3925 2251 4004">
     <span class='ocr_line' id='line_1_31' title="bbox 807 3925 2251 4004; baseline 0.001 -20"><span class='ocrx_word' id='word_1_236' title='bbox 807 3927 831 3963; x_wconf 88' lang='grc'><strong>2</strong></span> <span class='ocrx_word' id='word_1_237' title='bbox 876 3926 1432 4004; x_wconf 85' lang='lat' dir='ltr'><strong>Schmalzgrueber</strong></span> <span class='ocrx_word' id='word_1_238' title='bbox 1479 3927 1585 3986; x_wconf 79' lang='lat' dir='ltr'><strong>lib.</strong></span> <span class='ocrx_word' id='word_1_239' title='bbox 1637 3927 1703 3988; x_wconf 83' lang='lat'><strong>2.</strong></span> <span class='ocrx_word' id='word_1_240' title='bbox 1753 3930 1852 3987; x_wconf 73' lang='lat' dir='ltr'><strong>tit.</strong></span> <span class='ocrx_word' id='word_1_241' title='bbox 1904 3928 1968 3987; x_wconf 91' lang='grc'><strong>2.</strong></span> <span class='ocrx_word' id='word_1_242' title='bbox 2018 3948 2086 3987; x_wconf 74' lang='grc' dir='ltr'><strong>π.</strong></span> <span class='ocrx_word' id='word_1_243' title='bbox 2144 3925 2251 3986; x_wconf 89' lang='grc'><strong>19.</strong></span> 
     </span>
    </p>

    <p class='ocr_par' dir='ltr' id='par_1_9' title="bbox 810 4024 2044 4101">
     <span class='ocr_line' id='line_1_32' title="bbox 810 4024 2044 4101; baseline 0.002 -19"><span class='ocrx_word' id='word_1_244' title='bbox 810 4024 833 4060; x_wconf 74' lang='grc'><strong>3</strong></span> <span class='ocrx_word' id='word_1_245' title='bbox 878 4025 1153 4083; x_wconf 86' lang='lat' dir='ltr'><strong>Sanchez</strong></span> <span class='ocrx_word' id='word_1_246' title='bbox 1203 4027 1309 4084; x_wconf 75' lang='lat' dir='ltr'><strong>lib.</strong></span> <span class='ocrx_word' id='word_1_247' title='bbox 1362 4025 1423 4084; x_wconf 89' lang='lat'><strong>3.</strong></span> <span class='ocrx_word' id='word_1_248' title='bbox 1471 4027 1638 4101; x_wconf 77' lang='lat' dir='ltr'><strong>disp.</strong></span> <span class='ocrx_word' id='word_1_249' title='bbox 1692 4026 1808 4087; x_wconf 89' lang='grc'><strong>23.</strong></span> <span class='ocrx_word' id='word_1_250' title='bbox 1859 4044 1927 4085; x_wconf 79' lang='lat' dir='ltr'><strong>n.</strong></span> <span class='ocrx_word' id='word_1_251' title='bbox 1981 4027 2044 4084; x_wconf 91' lang='lat'><strong>7.</strong></span> 
     </span>
    </p>
   </div>
   <div class='ocr_carea' id='block_1_4' title="bbox 677 4122 3162 4298">
    <p class='ocr_par' dir='ltr' id='par_1_10' title="bbox 677 4122 3162 4298">
     <span class='ocr_line' id='line_1_33' title="bbox 811 4122 3162 4199; baseline 0 -19"><span class='ocrx_word' id='word_1_252' title='bbox 811 4122 836 4158; x_wconf 82' lang='lat'>⁴</span> <span class='ocrx_word' id='word_1_253' title='bbox 881 4122 948 4180; x_wconf 87' lang='lat' dir='ltr'><strong>In</strong></span> <span class='ocrx_word' id='word_1_254' title='bbox 1013 4123 1479 4197; x_wconf 77' lang='lat' dir='ltr'><strong>disceptatione</strong></span> <span class='ocrx_word' id='word_1_255' title='bbox 1539 4127 1787 4199; x_wconf 76' lang='lat' dir='ltr'><strong>primu,</strong></span> <span class='ocrx_word' id='word_1_256' title='bbox 1832 4126 1934 4183; x_wconf 90' lang='lat' dir='ltr'><strong>ubi</strong></span> <span class='ocrx_word' id='word_1_257' title='bbox 2002 4125 2195 4185; x_wconf 85' lang='lat' dir='ltr'><strong>fusius</strong></span> <span class='ocrx_word' id='word_1_258' title='bbox 2264 4125 2337 4184; x_wconf 89' lang='lat' dir='ltr'><strong>de</strong></span> <span class='ocrx_word' id='word_1_259' title='bbox 2399 4125 2735 4182; x_wconf 80' lang='lat' dir='ltr'><strong>domicilio</strong></span> <span class='ocrx_word' id='word_1_260' title='bbox 2798 4127 2864 4182; x_wconf 81' lang='lat' dir='ltr'><strong>et</strong></span> <span class='ocrx_word' id='word_1_261' title='bbox 2905 4125 3162 4197; x_wconf 78' lang='lat' dir='ltr'><strong>quasi-</strong></span> 
     </span>
     <span class='ocr_line' id='line_1_34' title="bbox 677 4220 1940 4298; baseline 0.001 -21"><span class='ocrx_word' id='word_1_262' title='bbox 677 4220 1032 4288; x_wconf 75' lang='lat' dir='ltr'><strong>domicilm,</strong></span> <span class='ocrx_word' id='word_1_263' title='bbox 1075 4238 1288 4298; x_wconf 86' lang='lat' dir='ltr'><strong>nempe</strong></span> <span class='ocrx_word' id='word_1_264' title='bbox 1332 4239 1369 4279; x_wconf 82' lang='lat' dir='ltr'><strong>a</strong></span> <span class='ocrx_word' id='word_1_265' title='bbox 1414 4241 1479 4279; x_wconf 76' lang='lat' dir='ltr'><strong>n.</strong></span> <span class='ocrx_word' id='word_1_266' title='bbox 1531 4223 1644 4281; x_wconf 79' lang='grc'><strong>26.</strong></span> <span class='ocrx_word' id='word_1_267' title='bbox 1694 4224 1782 4280; x_wconf 83' lang='lat' dir='ltr'><strong>ud</strong></span> <span class='ocrx_word' id='word_1_268' title='bbox 1831 4223 1940 4282; x_wconf 89' lang='lat'><strong>30.</strong></span> 
     </span>
    </p>
   </div>
   <div class='ocr_carea' id='block_1_5' title="bbox 680 4316 3155 4493">
    <p class='ocr_par' dir='ltr' id='par_1_11' title="bbox 680 4316 3155 4493">
     <span class='ocr_line' id='line_1_35' title="bbox 811 4316 3155 4417; baseline 0.002 -41"><span class='ocrx_word' id='word_1_269' title='bbox 811 4316 837 4353; x_wconf 78' lang='lat'>⁵</span> <span class='ocrx_word' id='word_1_270' title='bbox 878 4316 1034 4376; x_wconf 84' lang='lat' dir='ltr'><strong>Vide</strong></span> <span class='ocrx_word' id='word_1_271' title='bbox 1099 4318 1411 4378; x_wconf 69' lang='lat' dir='ltr'><strong>Benedici..</strong></span> <span class='ocrx_word' id='word_1_272' title='bbox 1448 4320 1632 4379; x_wconf 88' lang='lat' dir='ltr'><strong>..XIV</strong></span> <span class='ocrx_word' id='word_1_273' title='bbox 1682 4320 1849 4378; x_wconf 80' lang='lat' dir='ltr'><strong>Insc.</strong></span> <span class='ocrx_word' id='word_1_274' title='bbox 1902 4322 2054 4378; x_wconf 80' lang='lat' dir='ltr'><strong>eccl.</strong></span> <span class='ocrx_word' id='word_1_275' title='bbox 2109 4324 2222 4417; x_wconf 91' lang='lat'><strong>33.</strong></span> <span class='ocrx_word' id='word_1_276' title='bbox 2277 4340 2345 4380; x_wconf 79' lang='grc' dir='ltr'><strong>η.</strong></span> <span class='ocrx_word' id='word_1_277' title='bbox 2398 4320 2476 4387; x_wconf 88' lang='grc'><strong>7,·</strong></span> <span class='ocrx_word' id='word_1_278' title='bbox 2528 4320 2627 4378; x_wconf 85' lang='lat' dir='ltr'><strong>vel</strong></span> <span class='ocrx_word' id='word_1_279' title='bbox 2692 4319 2859 4379; x_wconf 83' lang='lat' dir='ltr'><strong>infra</strong></span> <span class='ocrx_word' id='word_1_280' title='bbox 2911 4318 2974 4376; x_wconf 88' lang='lat' dir='ltr'><strong>in</strong></span> <span class='ocrx_word' id='word_1_281' title='bbox 3033 4319 3155 4380; x_wconf 77' lang='lat' dir='ltr'><strong>cit.</strong></span> 
     </span>
     <span class='ocr_line' id='line_1_36' title="bbox 680 4415 1416 4493; baseline 0.003 -21"><span class='ocrx_word' id='word_1_282' title='bbox 680 4415 946 4489; x_wconf 79' lang='lat' dir='ltr'><strong>discept.</strong></span> <span class='ocrx_word' id='word_1_283' title='bbox 995 4434 1064 4473; x_wconf 78' lang='lat' dir='ltr'><strong>n.</strong></span> <span class='ocrx_word' id='word_1_284' title='bbox 1112 4415 1221 4474; x_wconf 91' lang='lat'><strong>34.</strong></span> <span class='ocrx_word' id='word_1_285' title='bbox 1267 4418 1312 4493; x_wconf 66' lang='lat'>5</span> <span class='ocrx_word' id='word_1_286' title='bbox 1350 4418 1416 4477; x_wconf 88' lang='lat'><strong>4.</strong></span> 
     </span>
    </p>
   </div>
   <div class='ocr_carea' id='block_1_6' title="bbox 812 4514 2673 4694">
    <p class='ocr_par' dir='ltr' id='par_1_12' title="bbox 812 4514 2673 4694">
     <span class='ocr_line' id='line_1_37' title="bbox 812 4514 2673 4595; baseline 0.003 -23"><span class='ocrx_word' id='word_1_287' title='bbox 812 4514 836 4551; x_wconf 78' lang='lat'><strong>⁰</strong></span> <span class='ocrx_word' id='word_1_288' title='bbox 880 4515 1034 4573; x_wconf 88' lang='lat' dir='ltr'><strong>Vide</strong></span> <span class='ocrx_word' id='word_1_289' title='bbox 1076 4515 1448 4575; x_wconf 88' lang='lat' dir='ltr'><strong>Leurenium</strong></span> <span class='ocrx_word' id='word_1_290' title='bbox 1496 4519 1602 4576; x_wconf 68' lang='lat' dir='ltr'><strong>cib.</strong></span> <span class='ocrx_word' id='word_1_291' title='bbox 1654 4518 1718 4576; x_wconf 91' lang='lat'><strong>4.</strong></span> <span class='ocrx_word' id='word_1_292' title='bbox 1768 4521 1865 4578; x_wconf 72' lang='lat' dir='ltr'><strong>tet.</strong></span> <span class='ocrx_word' id='word_1_293' title='bbox 1918 4518 1980 4578; x_wconf 90' lang='lat'><strong>3.</strong></span> <span class='ocrx_word' id='word_1_294' title='bbox 2029 4525 2277 4595; x_wconf 80' lang='lat' dir='ltr'><strong>quaest.</strong></span> <span class='ocrx_word' id='word_1_295' title='bbox 2336 4515 2673 4577; x_wconf 83' lang='lat'><strong>148-149.</strong></span> 
     </span>
     <span class='ocr_line' id='line_1_38' title="bbox 816 4612 1869 4694; baseline 0.002 -21"><span class='ocrx_word' id='word_1_296' title='bbox 816 4612 839 4649; x_wconf 84' lang='lat'>⁷</span> <span class='ocrx_word' id='word_1_297' title='bbox 882 4613 1007 4673; x_wconf 83' lang='lat' dir='ltr'><strong>Oit.</strong></span> <span class='ocrx_word' id='word_1_298' title='bbox 1059 4615 1223 4672; x_wconf 75' lang='lat' dir='ltr'><strong>[nst.</strong></span> <span class='ocrx_word' id='word_1_299' title='bbox 1273 4616 1424 4673; x_wconf 79' lang='lat' dir='ltr'><strong>eccl.</strong></span> <span class='ocrx_word' id='word_1_300' title='bbox 1473 4614 1583 4694; x_wconf 58' lang='lat'><strong>513.</strong></span> <span class='ocrx_word' id='word_1_301' title='bbox 1634 4634 1703 4675; x_wconf 76' lang='lat' dir='ltr'><strong>n.</strong></span> <span class='ocrx_word' id='word_1_302' title='bbox 1760 4615 1869 4675; x_wconf 89' lang='lat'><strong>10.</strong></span> 
     </span>
    </p>
   </div>
  </div>
 </body>
</html>
