3509 5317
852 477 1031 538 -318-

328 611 422 683 fluat
444 614 632 700 organico,
658 615 703 685 ita
730 619 770 684 ut
800 615 948 685 rebellis
979 635 1101 704 usque
1131 616 1381 703 permanserit
1411 615 1570 703 quibus·

328 741 493 819 cumque
517 724 568 792 rei
593 723 762 795 medicae
785 724 1002 794 doctoribus
1020 730 1056 794 et
1072 724 1297 812 pharmacis.
1322 726 1465 795 Exorat
1479 741 1571 811 pro·

328 831 414 900 inde
439 838 479 901 ut
511 833 559 901 ad
583 850 757 901 normam
783 832 1042 902 Benedictinae
1065 832 1343 903 constitutionis
1367 829 1567 901 Dethse·

328 936 489 1024 ratione,
516 928 692 1009 iudicium
717 941 948 1009 ordinarium
973 940 1020 1009 de
1036 940 1261 1010 matrimonii
1277 939 1442 1010 nullitate
1458 939 1567 1028 apud

326 1045 429 1116 illam
454 1046 605 1117 Curiam
630 1047 848 1117 instituatur.
872 1084 893 1097 -
918 1048 1092 1138 Balagaia
1110 1049 1158 1118 ab
1174 1049 1359 1135 Episcopo
1376 1048 1567 1134 expressa

328 1152 499 1225 facultate
522 1154 669 1224 Vicario
692 1156 855 1245 generali
880 1156 1116 1245 procedendi,
1141 1155 1327 1226 iudicandi
1356 1173 1402 1225 ac
1433 1154 1566 1224 decer-

328 1262 441 1333 nendi
465 1263 562 1334 hanc
585 1282 752 1351 causam,
776 1264 868 1333 iuris
891 1264 1021 1334 ordine
1052 1268 1220 1350 servato,
1251 1264 1414 1334 libellum
1446 1263 1567 1351 porri·

328 1369 380 1456 git
407 1389 484 1457 quo
518 1370 620 1456 apud
655 1380 905 1442 memoratam
941 1372 1089 1442 Curiam
1125 1371 1367 1458 principalem
1406 1372 1566 1442 instituit

327 1479 511 1548 actionem
536 1479 792 1551 dissolutionis
813 1480 872 1550 sui
897 1479 1122 1550 matrimonii
1157 1479 1207 1548 ob
1236 1479 1396 1549 eandem
1430 1480 1566 1567 princi·

328 1603 417 1672 pem
447 1588 683 1675 impotentiae
716 1589 913 1674 rationem,
947 1607 1063 1677 quam
1093 1589 1131 1655 in
1163 1587 1338 1673 precibus
1370 1589 1562 1676 Episcopo

328 1694 510 1778 exhibitis
523 1701 762 1781 exposuerat,
779 1697 988 1784 ceterisque
1004 1702 1041 1766 et
1056 1696 1115 1766 hic
1133 1694 1448 1780 commemoratis,
1462 1713 1564 1782 quae

328 1804 363 1871 in
388 1803 458 1871 illis
482 1802 658 1873 edixerat.
681 1838 705 1851 -
728 1805 807 1874 lam
832 1821 922 1873 vero
945 1804 1111 1873 intimato
1135 1802 1279 1873 actricis
1303 1800 1443 1886 libello,
1467 1799 1563 1870 aliis

328 1930 402 1999 que
426 1912 517 1980 actis
541 1910 773 1980 iudicialibus
797 1911 949 1980 iuridice
972 1910 1146 1981 exhibitis
1169 1910 1263 1997 parti
1288 1910 1487 1993 adversae,
1512 1906 1564 1977 al·

248 2052 250 2056 ·
327 2018 394 2088 teri
418 2035 555 2104 nempe
579 2018 726 2105 coniugi
750 2018 838 2088 Caio
861 2037 927 2087 reo
951 2023 1147 2103 conventa,
1174 2017 1233 2085 hic
1256 2034 1379 2104 neque
1412 2033 1479 2101 per
1502 2032 1559 2101 se,

328 2145 451 2213 neque
475 2144 542 2211 per
565 2134 858 2212 procuratorem,
886 2125 1005 2195 ullum
1030 2142 1200 2212 unquam
1224 2123 1384 2193 verbum
1409 2139 1564 2207 respon-

328 2233 388 2302 dit.
413 2235 457 2302 Et
478 2234 653 2319 quamvis
677 2235 756 2302 sive
780 2235 817 2301 in
845 2234 927 2303 eius
958 2232 1171 2318 domiciliis,
1201 2231 1280 2299 sive
1310 2248 1379 2317 per
1413 2228 1562 2314 publica

328 2338 444 2408 edicta
472 2340 661 2426 usquead
685 2341 827 2410 exitum
852 2339 974 2410 iudicii
998 2358 1066 2427 per
1089 2339 1238 2408 Curiam
1257 2336 1510 2424 episcopalem
1527 2336 1561 2405 ei

327 2443 463 2515 fuerint
484 2454 564 2517 acta
589 2448 766 2533 intimata,
791 2447 850 2518 ille
874 2449 909 2516 in
934 2465 1003 2517 sua
1028 2445 1264 2516 contumacia
1287 2449 1502 2514 constanter
1525 2450 1564 2513 et

329 2552 561 2637 pertinaciter
584 2554 747 2641 perstitit.
773 2556 896 2636 Quare
920 2555 1070 2624 decreto
1093 2553 1163 2622 diei
1195 2554 1217 2620 5
1240 2551 1361 2620 martii
1392 2552 1481 2619 1868
1511 2551 1563 2618 in·

327 2665 481 2729 cusatae
504 2658 655 2731 luerunt
677 2662 937 2732 contumaciae
960 2662 996 2729 in
1020 2659 1141 2729 forma
1175 2660 1266 2728 iuris
1295 2664 1425 2727 contra
1454 2676 1563 2745 prae·

328 2767 465 2837 dictum
484 2769 624 2839 Caium.
643 2770 823 2839 Iudicium
840 2770 926 2838 hinc
942 2773 1197 2856 prosecutum,
1215 2767 1335 2855 lisque
1350 2770 1562 2835 contestata

327 2874 393 2944 fuit
415 2876 508 2946 inter
531 2878 705 2947 actricem
729 2897 779 2946 ex
804 2897 875 2948 una
903 2883 940 2947 et
962 2875 1186 2946 matrimonii
1211 2875 1407 2945 validitatis
1431 2872 1563 2942 defen-

328 3000 453 3051 sorem
479 3002 528 3051 ex
551 2983 669 3053 altera
692 2991 806 3072 parte.

394 3091 425 3157 8.
450 3090 567 3158 Porro
591 3091 714 3161 omnia
741 3090 996 3178 processualia
1021 3085 1102 3160 acta
1133 3092 1199 3159 rite
1227 3088 1330 3173 inita,
1360 3091 1562 3173 prosecuta

328 3199 364 3264 et
387 3194 557 3265 absoluta
582 3194 697 3267 inisse
724 3199 894 3268 videntur
917 3200 965 3268 ad
989 3215 1165 3265 normam
1188 3197 1245 3264 cit.
1262 3195 1386 3264 Const.
1411 3191 1484 3262 Dei
1496 3190 1563 3259 mi-

328 3302 514 3372 seratione
530 3310 565 3375 et
581 3306 877 3392 sapientissimae
894 3304 1146 3374 instructionis
1162 3303 1232 3372 diei
1247 3305 1292 3372 22
1304 3300 1456 3388 augusti
1469 3297 1561 3368 1840

328 3427 357 3476 s.
384 3409 496 3479 huius
518 3410 832 3500 congregationis
857 3413 1094 3481 adamussim
1118 3416 1266 3480 servata
1291 3408 1413 3478 forma
1434 3413 1563 3494 etpra-

328 3515 402 3583 xi¹.
427 3515 543 3604 quue
571 3517 712 3586 nedum
742 3519 868 3605 quoad
903 3518 1119 3589 communia
1151 3516 1284 3586 ceteris
1313 3515 1461 3601 causiS,
1492 3512 1560 3582 sed

328 3623 588 3712 euarnquoad
616 3643 788 3712 eaquae
817 3624 1025 3712 specialiter
1056 3626 1091 3693 in
1124 3623 1340 3693 huiusmodi
1373 3620 1561 3691 matrimo

329 3731 488 3801 nialibus
513 3733 570 3801 vel
595 3734 820 3820 praescripta
845 3739 935 3802 sunt
958 3733 1016 3802 vel
1040 3730 1313 3818 commendata,
1339 3728 1560 3817 praesertim

328 3838 454 3924 quoad
477 3838 731 3908 solemnitates
746 3857 845 3926 quae
861 3839 909 3909 ad
926 3840 1047 3908 iudicii
1065 3838 1286 3909 validitatem
1305 3836 1560 3924 requiruntur.

329 3943 399 4028 Sis,
425 3956 465 4014 ut
488 3947 688 4033 praecipua
713 3946 937 4034 delibemus,
967 3947 1056 4015 nihil
1091 3946 1382 4017 desiderandum
1417 3943 1561 4012 videtur

329 4052 426 4122 circa
450 4054 759 4137 constitutionem,
783 4055 1048 4141 iuramentum,
1073 4049 1561 4125 adsistentiam'deiensoris

329 4160 553 4229 matrimonii
576 4160 613 4228 in
643 4160 808 4248 quolibet
837 4166 922 4231 actu
953 4161 1112 4232 iudiciali
1141 4167 1178 4232 et
1205 4160 1380 4230 examine
1411 4159 1558 4227 testium

330 4266 400 4350 (cit.
417 4266 539 4336 Const.
554 4268 577 4350 ἓ
591 4268 636 4351 6).
663 4266 790 4335 ltidem
815 4268 883 4337 rite
906 4269 1118 4339 examinata
1135 4267 1201 4337 fuit
1218 4285 1324 4354 uxor,
1344 4266 1461 4336 altero
1475 4281 1560 4333 con-

397 4506 406 4543 ¹
430 4506 494 4567 Gir.
510 4506 541 4564 111
563 4507 598 4563 1⁶
612 4511 644 4565 et
656 4507 695 4568 2⁶
708 4507 901 4583 Appendiee
915 4508 1146 4569 Benedictinam
1163 4509 1266 4571 Gonst.
1280 4512 1313 4567 et
1327 4507 1358 4569 S.
1375 4508 1408 4570 C.
1428 4504 1555 4567 Ooucilii

330 4604 575 4665 instructionem.
