3509 5317
1484 6 1735 445 „W

875 512 913 524 -
937 476 994 537 156
1015 511 1054 524 -
1730 482 1734 543 Ξ

353 614 466 684 menti
491 615 583 684 ratio
607 616 709 685 iuxta
735 635 870 687 omnes
893 622 962 700 est,
987 636 1034 685 ne
1053 614 1166 684 futuri
1189 633 1258 702 spe
1282 614 1506 685 matrimonii
1525 616 1588 684 de

353 726 413 790 tur
447 721 625 791 adulteris
667 742 758 795 ansa
792 723 999 810 captandae
1030 723 1161 792 mortis
1203 723 1407 810 coniugum
1432 721 1454 789 ¹.
1489 723 1587 792 Hinc

352 827 493 898 semina
514 848 589 897 non
606 831 801 919 coniugata
827 832 858 900 si
883 831 1080 918 copuletur
1100 830 1190 912 viro,
1215 849 1330 918 quem
1353 830 1471 899 nescit
1494 849 1586 900 esse

353 939 605 1027 coniugatum,
629 938 756 1008 animo
780 951 816 1009 et
841 939 1090 1025 promissione
1115 958 1203 1008 eum
1229 957 1275 1008 eo
1299 937 1586 1006 matrimonium

352 1045 607 1131 contrahendi,
631 1065 705 1116 non
743 1045 958 1133 impeditur,
990 1048 1205 1133 quominus,
1238 1050 1384 1114 mortua
1421 1045 1584 1114 adulteri

354 1170 485 1238 uxore,
510 1171 598 1222 cum
623 1172 668 1222 eo
684 1154 900 1241 coniugium
917 1154 1024 1224 ineat.
1042 1153 1175 1224 Contra
1199 1152 1246 1221 nd
1271 1152 1587 1238 impedimentum

354 1261 622 1331 incurrendum
640 1261 778 1331 sufficit
793 1267 833 1331 ut
848 1262 933 1350 quis
950 1262 1109 1332 scienter
1126 1262 1278 1331 accedat
1293 1260 1341 1329 ad
1362 1258 1588 1344 complicem

354 1370 608 1458 coniugatum,
632 1371 721 1456 quin
745 1389 844 1457 opus
867 1371 914 1439 sit
937 1376 976 1438 ut
1001 1370 1059 1439 hic
1086 1372 1188 1450 sciat,
1213 1368 1325 1437 etiam
1350 1365 1589 1453 complicem,

355 1494 521 1562 quocum
545 1476 737 1559 adulterat,
754 1477 996 1565 coniugatum
1016 1494 1118 1545 esse:
1136 1496 1234 1564 quae
1257 1475 1386 1544 omnia
1408 1473 1510 1543 clare
1527 1491 1591 1560 pa-

355 1585 433 1651 tent
467 1600 516 1650 ex
546 1582 795 1652 decretalibus
811 1581 835 1650 ².
860 1621 885 1630 -
908 1583 1077 1653 Tandem
1103 1593 1143 1652 ut
1165 1583 1212 1653 sit
1244 1580 1469 1652 adulterium
1507 1599 1592 1650 con-

356 1694 587 1758 summutum
612 1710 678 1776 per
708 1689 885 1779 copulam
918 1689 1109 1759 carnalem
1148 1686 1361 1776 perlectam,
1386 1707 1460 1776 qua
1493 1686 1590 1757 alias

355 1804 643 1868 consummatur
669 1798 952 1869 matrimonium
976 1795 999 1865 ⁸.
1568 1860 1574 1873 ,

425 1906 593 1976 Seeirndo
626 1908 826 1996 requiritur
854 1904 1054 1996 promissio
1078 1925 1146 1975 seu
1170 1902 1363 1974 moventia
1391 1903 1438 1972 de
1462 1902 1589 1972 matri·

358 2014 484 2082 monio
509 2020 594 2102 post
616 2020 776 2084 mortem
794 2014 965 2101 coniugis
985 2014 1241 2082 contrahendo
1265 2013 1359 2080 inter
1382 2009 1590 2093 adulteros

359 2121 417 2190 vel
441 2121 550 2191 etiam
575 2116 856 2190 matrimonium
885 2121 931 2191 de
954 2118 1049 2191 lacto
1073 2121 1204 2188 initum
1228 2138 1295 2189 seu
1321 2120 1444 2206 potius
1473 2121 1594 2185 utten-

360 2234 496 2315 tutum,
523 2250 611 2299 cum
636 2231 682 2300 sit
710 2232 853 2300 irritum
890 2232 1051 2300 extentis
1086 2229 1350 2318 impedimento
1385 2226 1548 2297 foederis
1563 2226 1586 2296 ⁴.

321 2324 324 2329 ⁴
359 2339 483 2418 Quare
507 2356 576 2407 nec
604 2338 741 2407 sufficit
762 2338 851 2407 data
879 2338 1101 2407 matrimonii
1126 2336 1222 2405 tides
1247 2335 1304 2404 vel
1330 2336 1377 2406 de
1401 2335 1591 2422 praesenti

359 2445 418 2514 vel
442 2444 489 2514 de
513 2443 637 2513 futuro
661 2446 742 2515 sine
766 2445 958 2529 adulterio,
984 2463 1053 2514 nec
1077 2445 1301 2515 adulterium
1326 2445 1407 2513 sine
1435 2442 1512 2514 flde
1537 2444 1589 2513 al·

359 2554 499 2620 terutro
523 2552 637 2621 modo
661 2552 746 2622 data
770 2550 791 2618 ⁵.
815 2590 838 2600 -
863 2553 963 2621 Haec
987 2562 1113 2622 autem
1140 2552 1339 2639 promissio
1369 2551 1479 2621 debet
1503 2569 1591 2621 esse

361 2678 476 2745 ocra,
507 2666 672 2729 casterno
699 2667 735 2730 et
760 2663 809 2731 ab
837 2661 952 2732 altera
983 2670 1086 2749 parte
1113 2664 1332 2749 acceptato,
1363 2677 1475 2729 serus
1512 2678 1588 2729 non

359 2774 459 2836 esset
482 2770 702 2853 conventia,
728 2768 903 2857 quumvis
937 2769 1055 2839 illicita
1081 2774 1117 2839 et
1143 2768 1240 2837 irrita
1268 2763 1302 2852 ‘,
1328 2786 1450 2855 neque
1475 2767 1591 2835 huius

359 2874 611 2962 impedimenti
637 2877 729 2945 ratio
754 2882 905 2964 urgeret
929 2876 951 2943 ⁷.

435 2981 554 3051 Tertio
578 2983 785 3071 requiritur,
810 2990 852 3054 ut
874 2983 1097 3053 adulterium
1123 2983 1384 3066 committatur,
1405 2989 1442 3049 et
1469 2979 1592 3048 matri·

360 3089 528 3156 monium
553 3088 600 3158 de
624 3093 811 3178 praesenti
835 3096 1033 3160 attentetur
1049 3096 1114 3159 aut
1136 3089 1371 3176 promittatur
1395 3090 1592 3156 constante

360 3194 489 3263 eodem
513 3194 673 3285 legitimo
696 3196 874 3285 coniupr'o.
901 3197 1043 3267 Scilicet
1067 3204 1144 3265 tum
1161 3196 1387 3267 adulterium
1412 3199 1489 3264 tum
1516 3213 1593 3262 ma·

360 3302 518 3371 trimonii
545 3305 743 3390 promissio
769 3305 827 3375 vel
856 3306 928 3373 hoc
950 3310 1171 3375 attentatum
1196 3304 1329 3374 cedere
1353 3303 1388 3371 in
1414 3303 1588 3372 iniuriam

361 3410 498 3480 debent
521 3412 632 3482 unius
649 3414 894 3501 eiusdemque
911 3413 1091 3500 coniugis.
1118 3412 1156 3480 ld
1181 3419 1307 3481 autem
1331 3429 1406 3478 non
1431 3410 1592 3497 contige·

361 3521 417 3585 ret
439 3517 469 3585 si
494 3518 610 3587 Titius
634 3538 665 3588 e.
690 3539 743 3608 gr.
771 3520 916 3590 vivente
942 3521 1061 3605 prima
1080 3537 1200 3589 uxore
1217 3517 1446 3605 promitteret
1469 3514 1591 3585 matri·

362 3623 531 3691 monium
568 3626 714 3711 Bertae3
746 3644 833 3694 eum
871 3626 1004 3697 eadem
1041 3644 1130 3696 vero
1166 3624 1389 3693 adulterium
1415 3627 1589 3709 patraret,

430 3910 438 3947 ¹
463 3911 600 3970 Sanohez
625 3912 678 3968 lib.
705 3910 735 3970 7.
755 3913 840 3987 disp.
866 3910 920 3971 79.
945 3932 980 3972 n.
1011 3913 1036 3972 l.

429 4009 441 4045 Β
463 4009 535 4086 Gap.
552 4012 755 4084 propositum
782 4011 810 4068 1.
828 4020 860 4071 et
884 4030 952 4089 cap.
971 4015 1117 4071 vemens.
1136 4014 1184 4073 tit.
1203 4016 1255 4072 cit.
1274 4014 1313 4072 de
1339 4032 1373 4071 eo
1400 4013 1459 4088 qui
1480 4012 1589 4069 duait.

429 4107 601 4167 ³Sanehez
622 4110 675 4166 eit.
702 4109 757 4168 lib.
783 4108 814 4168 7.
838 4111 923 4184 disp.
951 4110 1004 4168 79.
1029 4129 1063 4169 n.
1087 4111 1120 4170 2.
1143 4117 1176 4173 et
1198 4112 1311 4190 passim
1333 4111 1399 4170 alii.

429 4204 536 4281 ⁴Gap.
556 4209 761 4281 propositum
804 4208 829 4267 l.
854 4226 920 4285 cap.
944 4225 1020 4267 oum
1042 4210 1175 4270 haberet
1194 4211 1227 4268 5.
1259 4216 1292 4271 et
1322 4229 1389 4287 cap.
1423 4212 1592 4285 sipnifica·

362 4305 405 4361 oli
426 4303 457 4359 6.
482 4304 536 4360 cit.
560 4305 606 4361 tit.
631 4307 663 4363 et
684 4304 771 4363 alibi.

428 4397 440 4433 ⁵
463 4398 600 4458 Sanchez
625 4402 682 4459 loe.
706 4404 760 4460 cit.
785 4421 820 4464 n.
845 4404 877 4462 2.
902 4424 970 4463 oum
992 4407 1155 4465 communi.

430 4494 529 4555 ‘’Oir.
554 4497 739 4557 Leurenium
763 4500 818 4559 lib.
843 4501 874 4561 d.
900 4505 948 4562 tit.
977 4502 1005 4562 7.
1031 4511 1155 4580 quaest.
1188 4503 1261 4562 187.

431 4593 442 4630 ⁷
464 4594 530 4654 Otr.
554 4594 681 4654 eundem
703 4598 888 4658 Leurenium
912 4602 990 4659 ibid.
1015 4610 1139 4677 qiioest.
1170 4600 1244 4658 186.
