3509 5317
1802 536 2109 597 ...52-

729 678 1284 751 matrimonium
1309 676 1553 762 ducat,
1582 675 1686 745 uti
1719 674 2020 745 evenire
2053 680 2310 761 posset
2343 674 2403 742 si
2438 673 2708 760 copula
2734 692 2911 743 cum
2947 678 3184 743 matre

729 785 1180 857 nativitatem
1228 783 1424 854 filiae
1469 781 1896 870 praecessit.
2246 873 2251 876 .

858 896 964 962 15.
1029 890 1351 961 Tertiam
1397 889 1881 978 principium:
1947 885 2291 956 Affinitas
2355 887 2541 956 inter
2602 888 2965 975 coniuges
3012 905 3183 956 con·

729 1006 951 1071 tracta
1001 1019 1100 1069 ex
1147 1000 1569 1068 incestuosa
1621 995 1891 1083 copula
1938 1014 2116 1064 cum
2164 994 2726 1078 consanguinea
2762 996 3027 1063 uxoris
3071 993 3183 1064 vel

725 1127 897 1179 num
963 1106 1524 1194 consanguineo
1585 1105 1740 1190 viri,
1806 1102 2373 1177 matrimonium
2443 1102 2791 1189 ipsorum
2837 1102 3185 1171 dirimere

729 1215 996 1303 nequit,
1059 1232 1234 1283 cum
1292 1213 1466 1281 huic
1522 1209 2129 1281 indissolubiliter
2196 1209 2347 1279 iam
2424 1209 2595 1277 inito
2668 1210 3215 1296 superveniat3v

725 1322 1062 1392 eiusdem
1113 1328 1363 1390 tamen
1424 1337 1653 1388 usum
1715 1316 2023 1405 impedit
2070 1304 2139 1385 in
2214 1335 2542 1403 poenam
2615 1317 2954 1404 coniugis
3003 1317 3187 1386 ince-

725 1431 992 1499 ffluosi:
1041 1429 1316 1512 scilicet
1359 1429 1639 1496 coniux
1700 1426 2194 1509 incestuosus,
2265 1442 2415 1492 non
2486 1429 2738 1494 autem
2804 1424 3185 1510 innocens,

729 1538 1057 1623 privatur
1117 1536 1277 1604 iure
1340 1533 1632 1621 petendi
1697 1531 2033 1601 debitum
2082 1529 2130 1598 ¹.
2180 1569 2226 1578 -
2276 1532 2479 1601 Haec
2551 1536 2802 1602 autem
2865 1530 3187 1602 affinitas

725 1663 899 1712 num
949 1642 1230 1712 oriatur
1276 1661 1375 1711 ex
1420 1639 1656 1710 illicita
1706 1639 1997 1726 copula,
2048 1639 2218 1706 hinc
2273 1638 2337 1705 vi
2404 1638 2597 1708 citati
2657 1640 3024 1709 tridentini
3073 1640 3191 1709 de-

725 1752 898 1819 [treti
948 1748 972 1784 ²
1020 1749 1482 1818 contrahitur
1537 1753 1829 1826 tantum
1885 1767 1986 1817 ex
2030 1746 2305 1833 copula
2366 1765 2543 1815 cum
2607 1747 3187 1836 consanguineis

725 1858 1026 1927 alterius
1073 1855 1412 1944 coniugis
1459 1855 1531 1923 in
1576 1852 1827 1944 pm'mo
1875 1859 1945 1923 et
1990 1852 2319 1922 secan-alo
2371 1851 2655 1942 gradu,
2709 1859 2782 1923 et
2839 1853 2936 1923 ad
2985 1855 3187 1924 hunc

725 1965 1044 2055 gradum
1087 1963 1549 2052 restringitur
1580 1980 2059 2048 consequens
2107 1961 2399 2047 petendi
2434 1960 2765 2031 debitum
2800 1962 3114 2048 privatio
3140 1959 3187 2028 ⁸.

860 2074 966 2141 16.
1001 2073 1079 2140 In
1117 2070 1442 2141 Ecclesia
1480 2068 1846 2140 Orientali
1872 2069 2122 2157 quoad
2157 2069 2530 2138 affinitatis
2564 2070 3187 2156 impedimentum

729 2180 1349 2267 praescriptiones
1397 2178 1580 2266 l'egis
1628 2176 1863 2246 civilis
1895 2180 1968 2246 in
2004 2196 2150 2245 usu
2183 2183 2382 2246 sunt.
2420 2177 2540 2246 Sic
2575 2196 2901 2247 noverca
2936 2179 3190 2266 nequit

729 2287 789 2351 ai
837 2286 1142 2371 nubere,
1192 2286 1317 2373 qui
1367 2284 1751 2372 privignae
1799 2302 1984 2354 suae
2022 2283 2337 2353 maritus
2369 2281 2523 2352 fuit.
2560 2283 2949 2353 Accedunt
2979 2303 3190 2372 prae-

729 2392 1164 2478 scriptiones
1210 2391 1454 2461 Sisinii
1502 2391 1978 2463 patriarchae
2026 2390 2239 2479 plura
2292 2392 2390 2460 ob
2439 2389 2816 2460 affinitatis
2888 2391 3192 2464 affinita-

729 2503 873 2567 tem
923 2498 1265 2586 coniugia
1318 2499 1671 2584 vetantis;
1724 2498 1831 2566 sic
1883 2498 2108 2567 vetuit
2153 2517 2248 2567 ne
2296 2500 2450 2567 duo
2496 2498 2765 2569 fratres
2810 2500 3005 2569 duas
3054 2501 3191 2569 du-

729 2612 896 2675 cant
940 2607 1453 2691 consobrinas,
1502 2606 2159 2676 nedum-sorores.
2195 2607 2514 2693 Nuptiae
2552 2608 2745 2677 sexti
2778 2626 2869 2676 ac
2900 2609 3193 2694 septimi

729 2714 1009 2799 gradus
1057 2719 1402 2784 vetantur
1448 2716 1510 2784 si
1559 2714 1809 2802 aliqua
1858 2720 2196 2802 emergat
2257 2716 2509 2802 quoad
2582 2715 2879 2804 generis
2948 2716 3195 2803 appel·

733 2819 1039 2888 lationes
1086 2819 1446 2891 confusio.
1478 2821 1776 2907 -Apud
1827 2821 2156 2890 Graecos
2217 2821 2495 2889 obtinet
2564 2822 2787 2890 etiam
2869 2820 3194 2892 affinitas

729 2945 828 2995 ex
875 2926 1110 2995 tribus
1157 2926 1547 3013 descriptis
1594 2926 1965 2996 affinitatis
1997 2927 2405 3015 generibus
2435 2946 2453 3013 ;
2489 2926 2626 2996 sed
2660 2926 3195 3013 impedimenta

729 3054 921 3123 quae
969 3054 1068 3104 ex
1114 3036 1449 3104 secundo
1499 3042 1571 3105 et
1615 3036 1824 3105 tertio
1873 3034 2247 3104 affinitatis
2296 3054 2577 3123 genere
2625 3035 3010 3121 oriuntur,
3095 3037 3194 3105 uti

733 3142 1197 3228 impedientia
1247 3143 1489 3230 magis
1535 3162 1769 3231 quam
1815 3142 2231 3212 dirimentia
2280 3142 2541 3211 haberi
2592 3142 2935 3211 videntur
2986 3140 3034 3210 ⁸.

862 3251 970 3316 17.
1019 3249 1392 3337 Quidquid
1437 3254 1692 3321 tamen
1742 3252 1836 3319 sit
1879 3250 1974 3318 de
2006 3250 2270 3318 ceteris
2303 3249 2791 3320 Orientalium
2823 3249 3190 3340 Ecclaeiis‚

729 3356 1033 3442 saepius
1082 3355 1379 3425 laudata
1431 3354 1994 3424 Maronitarum
2047 3355 2397 3443 Synodas
2445 3354 2849 3445 libanensis
2880 3355 3070 3425 haec
3101 3355 3197 3425 de

729 3460 1079 3532 affinitate
1154 3462 1523 3533 decrevit:
1598 3485 1635 3527 «
1671 3465 1923 3545 Quum
1993 3463 2279 3552 gradus
2349 3462 3027 3550 consanguinitatis
3099 3462 3195 3532 ad

729 3573 1080 3655 quartum
1130 3569 1490 3639 inclusive
1537 3569 1791 3657 quoad
1842 3570 2142 3665 Latinos
2192 3569 2262 3636 in
2312 3568 2634 3639 Concilio
2712 3570 3195 3639 Lateranensi

729 3674 873 3743 sub
921 3675 1345 3745 Innocentio
1397 3676 1512 3762 111,
1547 3681 1619 3744 et
1650 3675 1744 3745 ad
1779 3676 2178 3763 septimam
2212 3694 2622 3763 personam
2656 3674 2907 3762 quoad
2940 3676 3190 3744 Orien·

863 3854 882 3890 ¹
928 3854 1187 3914 Constat
1229 3872 1306 3913 ex
1348 3855 1626 3932 pluribus
1670 3855 1826 3914 iuris
1868 3856 2147 3914 canonici
2204 3855 2379 3926 lociS,
2427 3855 2799 3932 praesertim
2844 3872 2922 3913 ex
2964 3874 3100 3933 cap.
3138 3857 3197 3913 si

733 3954 875 4027 :lucis
927 3952 987 4011 1.
1030 3953 1109 4010 de
1153 3971 1221 4010 eo
1267 3955 1383 4027 qui
1423 3957 1723 4028 cognovit
1761 3955 2340 4027 consanyuineam
2385 3955 2620 4010 uxoris
2663 3972 2848 4012 suae.

862 4048 886 4085 2
928 4049 1209 4109 Trident.
1256 4069 1409 4109 sess,
1460 4049 1572 4109 24.
1621 4069 1766 4126 cap.
1817 4049 1881 4109 4.
1932 4052 2009 4109 de
2053 4053 2249 4126 refor.
2302 4053 2595 4109 matrim.

861 4145 883 4181 ³
929 4148 1204 4207 Sanchez
1263 4149 1369 4207 lib.
1422 4146 1485 4207 9.
1537 4149 1705 4223 disp.
1754 4149 1871 4209 27.
1922 4167 1989 4207 n.
2046 4148 2151 4222 14,
2202 4149 2473 4225 aliiqu03
2534 4153 2598 4209 et
2657 4150 3065 4210 confirmatur
3118 4167 3197 4209 ex

733 4245 1152 4304 declaratione
1193 4263 1485 4323 expressa
1527 4248 1816 4324 Gregorii
1879 4247 2031 4307 XIII
2086 4264 2165 4305 ex
2220 4248 2533 4307 sententia
2573 4247 2894 4325 Congreg.
2955 4234 3188 4308 Concil.

733 4344 887 4419 apud
931 4344 994 4402 S.
1046 4344 1258 4421 Ligor.
1307 4345 1386 4403 cle
1428 4348 1722 4403 matrim.
1775 4363 1843 4403 n.
1898 4345 2104 4405 1070.
2136 4375 2216 4391 -
2249 4345 2692 4405 Limitationes
2734 4345 2913 4405 huius
2971 4363 3195 4423 poenae

733 4441 928 4501 rideri
972 4447 1224 4520 possunt
1266 4443 1423 4519 apud
1467 4444 1837 4502 Leurenium
1886 4444 1993 4501 lib.
2046 4441 2107 4501 4.
2162 4445 2257 4500 tit.
2318 4442 2419 4501 14.
2472 4451 2722 4518 quaest.
2771 4442 2934 4503 234.
2989 4464 3059 4503 n.
3112 4443 3196 4512 2,·

733 4543 794 4599 et
833 4539 991 4615 quod
1033 4540 1265 4599 attinet
1306 4541 1380 4598 ad
1424 4541 1746 4617 coniugem
1793 4544 2211 4599 innocentem
2259 4558 2328 4597 n.
2385 4540 2449 4598 3.

862 4640 886 4677 ⁴
930 4639 1062 4700 Gfr.
1110 4640 1608 4717 Papp-Szilagyi
1657 4641 1770 4698 loc.
1820 4642 1929 4697 cit.
1977 4639 2017 4714 ἓ
2071 4638 2220 4696 115.
