3509 5317
1384 500 1740 558 -427-

339 638 542 706 nime
586 637 976 726 patiantur,
1041 655 1142 707 ex
1195 637 1665 707 documentis
1727 637 1787 706 si
1850 637 2291 726 habeantur,
2352 658 2451 708 ex
2498 642 2792 710 testium

338 744 567 815 fidem
619 746 1063 816 merentium
1112 745 1717 833 depositionibus,
1768 764 1909 816 nec
1958 765 2103 815 non
2139 767 2240 818 ex
2285 746 2572 817 iudiciis
2604 770 2792 834 [μων

341 852 571 922 iudex
616 853 897 941 peritus
945 858 1018 922 et
1061 858 1420 941 expertus
1459 854 1835 924 deducere
1867 854 2130 940 poterit
2175 873 2274 923 ex
2318 855 2796 924 circumstan-

340 960 475 1044 tiis,
523 979 721 1049 quae
764 959 953 1030 facta
1001 961 1340 1048 exposita
1387 967 1519 1031 aut
1549 970 2126 1049 praecesserunt
2171 972 2302 1032 aut
2348 963 2796 1032 subseffitmfs.

341 1073 537 1138 sunt.
586 1068 701 1137 Ad
761 1068 1179 1139 secundum
1245 1068 1747 1157 probandum,
1799 1075 2049 1140 utrum
2120 1069 2455 1140 videlicet
2509 1078 2788 1140 asem-*tsi

340 1177 717 1266 sponsalia
770 1176 1013 1247 valida
1043 1175 1314 1248 fuerint
1361 1178 1432 1245 in
1468 1195 1706 1248 sensu
1739 1179 2120 1265 canoniCO,
2171 1178 2385 1267 plura
2437 1190 2648 1247 erunt
2688 1198 2788 1242 ³:22·-

340 1285 518 1356 dulo
566 1286 1120 1374 perpendenda.
1175 1289 1365 1355 Ante
1412 1286 1664 1357 omnia
1712 1287 1943 1371 iudex
1993 1304 2176 1374 prae
2223 1286 2459 1356 oculis
2507 1286 2792 1358 hfil'st‘ml„

339 1394 542 1481 quod
610 1412 708 1463 ex
757 1413 901 1463 usu
964 1400 1037 1465 et
1098 1395 1639 1464 consuetudine
1701 1393 1855 1464 fere
1904 1395 1973 1463 in
2040 1395 2353 1481 singulis
2415 1394 2592 1464 locis
2640 1418 2796 1478 slm-

340 1501 564 1570 ciales
610 1502 908 1589 aliquae
940 1500 1229 1572 formae
1277 1521 1413 1590 pro
1446 1503 1764 1572 solemni
1798 1502 2265 1590 sponsalium
2302 1501 2796 1572 celebratinfffl

341 1608 684 1679 inductae
744 1611 1234 1697 reperiuntur,
1283 1629 1478 1698 quae
1540 1611 2040 1681 communiter
2100 1622 2172 1680 et
2221 1611 2652 1700 regulariter
2700 1614 2792 1674 :ili

340 1717 694 1788 omnibus
753 1719 1036 1787 servari
1088 1719 1348 1788 solent.
1414 1720 1668 1805 Itaque
1738 1719 2266 1807 inquirendum
2328 1719 2482 1806 erit,
2541 1726 2788 1786 iili-mu

342 1825 521 1896 istae
567 1823 853 1895 formae
898 1824 1203 1913 fuerint,
1254 1845 1392 1896 nec
1457 1845 1582 1912 ne,
1635 1832 2015 1912 servatae3
2067 1827 2126 1894 si
2177 1827 2539 1913 primum,
2592 1848 2792 1914 prm--

342 1935 670 2022 sumptio
714 1954 854 2022 pro
902 1935 1366 2022 sponsalium
1420 1935 1673 2004 valore
1704 1935 1957 2020 aderit,
2001 1942 2255 2005 contra
2306 1954 2533 2023 quam
2588 1958 2796 2002 Πῑιιιι-

340 2059 570 2129 quam
621 2041 755 2111 erit
802 2041 1305 2128 iudicandum,
1354 2042 1639 2113 nisiex
1687 2044 1907 2113 certis
1947 2052 2021 2113 et
2068 2043 2536 2113 evidentibus
2584 2062 2795 2122 fii-,2:11-

341 2150 608 2218 mentis
656 2151 1033 2236 sponsalia
1082 2151 1373 2220 nulliter
1418 2158 1793 2221 contracta
1831 2150 2061 2221 fuisse
2099 2151 2531 2237 constiterit3
2580 2154 2636 2218 sl
2692 2174 2796 2218 su-

339 2258 695 2344 cundum,
742 2257 1270 2345 inquirendum
1303 2259 1456 2345 erit,
1490 2279 1640 2347 qua
1673 2261 1769 2329 de
1798 2278 2025 2329 causa
2078 2265 2479 2328 consuetae
2510 2256 2792 2326 formae

339 2361 610 2433 fuerint
662 2366 1008 2452 omissae,
1066 2371 1137 2435 et
1199 2372 1450 2435 utrum
1511 2384 1646 2453 pro
1711 2385 2232 2453 personarum,
2269 2365 2672 2445 locorum,
2732 2374 2792 2430 vt

340 2473 967 2542 consuetudinum
1017 2474 1584 2544 circumstantiis
1614 2474 1991 2561 sponsalia
2028 2474 2507 2543 nihilominus
2553 2474 2792 2542 valisin.

338 2577 609 2649 fuerint
651 2586 1045 2667 contracta,
1081 2600 1171 2653 eo
1216 2581 1417 2670 quod
1454 2583 1799 2671 utrinque
1828 2583 2175 2652 voluntas
2209 2600 2379 2651 sese
2421 2581 2792 2670 obligumli

341 2706 519 2757 vere
568 2688 1078 2777 intercesserit,
1126 2697 1350 2776 atque
1397 2691 1496 2758 ita
1529 2695 1608 2759 ut
1638 2710 1736 2760 ex
1770 2691 1928 2760 iure
1966 2690 2580 2777 impedimentum
2632 2710 2796 2754 wisi-

342 2797 660 2865 stituant.
712 2797 789 2864 In
842 2798 1043 2867 hunc
1090 2796 1322 2868 finem
1370 2806 1663 2886 praeter
1710 2799 1853 2869 alia
1902 2799 2419 2887 quaerendum
2470 2806 2600 2874 est,
2652 2802 2796 2886 spii-

342 2903 484 2974 bus
534 2904 803 2992 verbis,
855 2905 973 2977 vel
1020 2904 1227 2975 factis
1274 2906 1409 2974 sibi
1459 2905 1794 2976 fut-urum
1829 2907 2392 2977 matrimonium
2441 2910 2796 2993 promien-

341 3012 483 3082 rint
500 3032 518 3100 ;
570 3022 819 3082 utrum
869 3014 1268 3101 promissio
1314 3014 1412 3085 ab
1463 3019 1779 3102 utraque
1829 3021 2037 3101 parte
2086 3015 2560 3101 processerit:
2616 3022 2676 3078 ist
2732 3018 2788 3082 si

342 3121 439 3190 ab
487 3141 632 3190 una
683 3126 990 3208 tantum,
1044 3128 1293 3191 utrum
1355 3123 1492 3192 alia
1531 3142 1709 3192 eum
1766 3123 2259 3212 acceptaverit
2318 3124 2477 3193 sive
2529 3126 2792 3198 ves-isia

341 3230 501 3300 sive
543 3228 770 3318 factis,
818 3231 977 3300 sive
1023 3230 1256 3319 signis
1287 3231 1970 3318 aequivalentibus3
2023 3239 2273 3300 utrum
2323 3236 2492 3318 post
2538 3234 2788 3302 clanim

341 3338 916 3425 promissionem
969 3339 1337 3424 praetensi
1369 3338 1623 3426 sponsi
1663 3339 2167 3426 reputaverint
2206 3358 2377 3408 sese
2425 3342 2796 3407 mati-limi-

343 3445 466 3515 nio
513 3446 1020 3515 contrahendo
1068 3445 1466 3534 obligatos,
1517 3465 1615 3515 an
1664 3446 1956 3515 liberos.
2018 3446 2168 3515 Erit
2212 3465 2515 3533 quoque
2572 3446 2792 3530 inqui-

345 3554 665 3622 rendum
712 3554 807 3624 de
859 3572 1318 3641 sponsorum
1366 3553 1805 3640 conditione,
1859 3563 2108 3623 utrum
2175 3554 2449 3622 scilicet
2495 3571 2576 3622 ea
2636 3554 2792 3618 iulis

338 3662 450 3748 sit,
502 3667 581 3730 ut
628 3664 1007 3749 praesumi
1042 3679 1192 3731 non
1226 3662 1460 3748 possit
1506 3680 1765 3731 veram
1801 3662 1874 3729 in
1906 3662 2087 3750 ipsis
2137 3661 2588 3730 voluntatem
2628 3682 2792 3726 six-ar:

344 3775 605 3838 mutuo
653 3767 1026 3858 obligandi
1074 3768 1428 3838 adfuisse.

472 3880 582 3947 33.
633 3879 1017 3959 Quatenus
1048 3895 1275 3948 casus
1306 3878 1575 3966 exigat,
1610 3879 2135 3965 inquirendum
2188 3877 2408 3946 etiam
2457 3876 2608 3958 erit,
2644 3897 2784 3962 quei

340 3991 578 4054 aetate
627 3985 997 4072 praetensi
1058 3986 1317 4072 sponsi
1366 3985 1503 4054 sibi
1551 3985 1868 4055 invicem
1921 3985 2481 4055 matrimonium
2529 3986 2792 4073 pruffli-

343 4092 592 4164 serint·.
642 4093 927 4162 Etenim
975 4093 1350 4181 sponsalia
1411 4094 1508 4163 ab
1570 4092 1994 4179 infantibus
2046 4094 2161 4164 vel
2212 4113 2254 4163 a
2307 4093 2564 4163 maiori
2620 4114 2788 4162 min]

342 4199 615 4270 infante
661 4208 1060 4287 contracta,
1125 4201 1286 4288 ipso
1334 4200 1494 4270 iure
1559 4199 1759 4271 nulla
1812 4206 2005 4288 sunt,
2057 4207 2123 4270 et
2174 4202 2788 4289 impedimentum

342 4307 684 4395 publicae
719 4308 1125 4379 honestatis
1156 4309 1460 4398 gignere
1513 4327 1659 4379 non
1697 4309 1967 4379 valent.
2019 4310 2266 4391 Quare
2294 4309 2384 4377 'in
2436 4307 2576 4378 hoc
2612 4330 2791 4378 [nisu.

343 4415 868 4504 inquirendum
918 4416 1051 4484 erit
1098 4418 1193 4486 de
1224 4421 1461 4486 aetate
1496 4414 1813 4506 legitima
1847 4436 2133 4503 eorum,
2168 4436 2212 4487 a
2260 4418 2535 4505 quibus
2580 4438 2796 4502 epum

341 4523 523 4593 salia
569 4522 872 4593 fuerunt
926 4529 1344 4611 contracta,
1395 4523 1599 4613 quod
1646 4523 1858 4595 facile
1911 4524 2038 4595 flet
2098 4526 2335 4611 petitis
2396 4524 2792 4594 docuimu-

342 4630 431 4699 tis
477 4649 577 4699 ex
626 4630 830 4699 libris
877 4630 1416 4718 baptizatorum
1467 4637 1690 4720 atque
1749 4651 1849 4701 ex
1894 4633 2324 4702 testimonio
2370 4642 2788 4719 parentiumr
