3509 5317
906 508 1084 570 ..356-

381 655 439 718 est
461 648 667 737 patruelem
691 647 809 735 ipsius
825 647 917 733 viri),
943 646 1079 716 ibidem
1105 645 1241 733 relicta,
1266 647 1508 717 asserebatur
1529 664 1620 717 eam

382 756 496 825 libere
518 760 780 825 conversatam
804 752 931 824 fuisse.
948 754 1038 822 Post
1054 754 1097 822 16
1117 752 1208 838 dies,
1231 771 1364 824 coram
1387 752 1619 841 cappellano

381 864 562 935 castrensi
585 869 622 934 et
650 862 800 933 duobus
834 861 988 932 testibus
1016 860 1303 930 matrimonium
1334 866 1618 932 contraxerunt

382 972 522 1042 Deinde
545 990 635 1042 cum
662 971 846 1041 civitatem
876 967 1168 1038 olomucensem
1199 967 1368 1056 adierint,
1393 974 1476 1038 orto
1498 970 1619 1039 dubio

382 1080 429 1149 de
454 1079 567 1149 huius
590 1078 814 1149 matrimonii
838 1075 1032 1163 validitate,
1057 1076 1238 1149 admoniti
1262 1074 1413 1147 fuerunt
1434 1078 1620 1167 coniuges

382 1185 431 1256 ab
454 1186 639 1272 Episcopo
655 1192 691 1255 et
707 1183 953 1271 prudentibus
977 1183 1076 1269 viris,
1098 1188 1138 1252 ut
1163 1183 1362 1254 seiunctim
1378 1184 1564 1271 ,viverent
1582 1191 1621 1254 et

382 1291 516 1362 mulier
540 1292 575 1359 in
594 1291 718 1361 locum
735 1296 855 1360 tutum
872 1309 916 1361 se
931 1291 1120 1379 reciperet
1145 1292 1289 1361 Verum
1315 1291 1493 1381 neglectis
1510 1294 1619 1365 hisce

383 1398 540 1486 monitis,
566 1398 759 1467 Olomucio
789 1396 926 1482 relicte,
956 1397 1129 1468 adierunt
1151 1397 1347 1486 quoddam
1370 1400 1616 1487 Fortalitium,

382 1505 506 1593 ibique
530 1510 613 1592 post
644 1522 790 1574 moram
823 1505 989 1592 quinque
1017 1505 1207 1574 mensium
1231 1522 1363 1576 coram
1386 1507 1554 1593 parocho
1580 1511 1619 1576 et

382 1614 555 1700 testibus,
591 1613 812 1683 matrimonii
844 1629 1075 1683 consensum
1107 1627 1349 1683 renovarunt.
1383 1614 1524 1685 Interea
1566 1635 1620 1686 ex

383 1721 556 1809 evulgato
581 1726 712 1810 raptus
739 1740 902 1808 rumore,
926 1727 1124 1810 sequestro
1148 1722 1312 1795 subiecta
1341 1721 1488 1793 fuerant
1515 1723 1621 1795 bona

383 1828 683 1900 adolescentulae
706 1829 742 1897 in
759 1828 897 1898 ditione
912 1828 1106 1898 borussica
1129 1829 1323 1900 existentia
1349 1831 1450 1919 quod
1479 1830 1622 1902 deinde

382 1934 449 2006 iuit
471 1942 706 2022 revocatum,
735 1936 872 2007 emissa
899 1955 966 2025 per
996 1935 1319 2006 adolescentulam
1352 1937 1621 2025 declaratione,

383 2062 456 2131 qua
481 2040 673 2121 fatebatur,
697 2062 740 2112 se
756 2048 889 2130 sponte
914 2046 951 2113 et
974 2042 1185 2112 voluntarie
1210 2062 1232 2112 a
1258 2043 1337 2112 viro
1359 2042 1477 2113 fuisse
1500 2045 1622 2115 abdu-

382 2157 493 2218 ctam.
517 2150 659 2218 Verum
676 2149 770 2221 inter
786 2152 965 2238 coniuges
982 2155 1067 2236 post
1089 2147 1219 2236 plures
1241 2169 1366 2219 annos
1389 2152 1621 2222 matrimonii

383 2256 523 2326 exortis
547 2256 716 2342 dissidiis,
742 2256 875 2326 mulier
890 2255 1020 2345 lugam
1044 2256 1209 2343 arripuit,
1234 2262 1270 2326 et
1293 2276 1315 2326 a
1338 2257 1521 2328 camoliea
1540 2260 1623 2329 reli-

383 2364 493 2450 gione
523 2361 662 2433 defecit.
694 2364 889 2452 Proposita
918 2384 986 2451 per
1016 2363 1214 2434 mulierem
1250 2365 1471 2451 quaestione
1498 2384 1621 2454 super

383 2469 547 2539 nullitate
563 2470 788 2541 matrimonii
804 2470 906 2557 apud
923 2472 1210 2558 protestantium
1232 2471 1440 2559 tribunalia,
1458 2471 1622 2543 obtinuit

384 2579 518 2649 mulier
541 2580 765 2649 matrimonii
782 2578 1007 2649 solutionem
1024 2597 1142 2648 causa
1160 2578 1301 2649 dissidii
1326 2584 1362 2648 et
1383 2577 1622 2651 alienationis

382 2688 607 2773 animorum,
624 2705 722 2774 quae
738 2682 930 2769 sententia,
947 2683 1084 2755 frustra
1111 2686 1341 2771 reclamante
1364 2686 1453 2771 viro,
1478 2684 1623 2760 ruitae

384 2796 458 2866 mel
481 2797 692 2883 iterumque
715 2791 947 2863 confirmata.

450 2905 505 2972 11.
530 2902 633 2971 Petiit
654 2901 788 2971 deinde
810 2901 922 2971 etiam
941 2901 1005 2986 vir,
1023 2900 1124 2987 apud
1143 2906 1367 2987 competens
1384 2900 1560 2987 tribunal,
1579 2908 1622 2971 ut
1732 2970 1735 2975 ,

383 3008 636 3078 declararetur
652 3007 801 3077 nullitas
816 3007 1051 3095 matrimonii,
1067 3012 1147 3081 tum
1168 3025 1218 3077 ex
1232 3025 1350 3077 causa
1376 3012 1515 3095 raptus,
1535 3013 1619 3077 tum

384 3133 434 3184 ex
456 3111 601 3183 deiectu
634 3114 773 3203 proprii
796 3114 973 3202 parochi:
997 3115 1064 3184 sed
1095 3113 1325 3183 contrariam
1356 3113 1511 3183 obtinuit
1536 3132 1622 3184 sen·

384 3220 556 3291 tentiam:
579 3219 777 3307 appellavit
806 3221 962 3308 proinde
994 3223 1042 3291 ad
1073 3240 1170 3291 sacr.
1195 3221 1347 3291 Concilii
1376 3224 1415 3292 C.
1443 3241 1544 3310 quae
1569 3224 1620 3294 ad

385 3329 559 3398 dubium:
582 3329 644 3397 An
666 3334 808 3398 constet
839 3327 886 3397 de
916 3327 1086 3426 nullitate
1110 3327 1345 3398 matrimonii
1365 3327 1404 3398 in
1427 3349 1536 3416 casu,
1566 3351 1622 3402 re-

384 3436 534 3523 spondit
556 3437 693 3525 pariter
716 3435 896 3526 negative.

450 3544 504 3611 12.
529 3543 679 3613 Censuit
701 3544 826 3631 itaque
849 3543 885 3613 S.
914 3543 950 3611 C.
979 3562 1053 3611 non
1075 3547 1251 3613 constare
1275 3542 1323 3613 de
1345 3543 1516 3613 nullitate
1538 3563 1622 3614 mo·

385 3648 556 3719 trimonii.
580 3652 625 3720 Et
646 3670 739 3721 sane
763 3651 844 3721 licet
869 3656 1058 3721 constaret
1079 3653 1127 3721 de
1153 3652 1333 3723 materiali
1359 3657 1479 3740 raptu,
1502 3652 1618 3723 habe
1736 3713 1737 3716 ,

383 3758 518 3827 bantur
540 3764 667 3827 tamem
691 3759 819 3846 gravia
844 3757 976 3828 indicia
1000 3758 1049 3827 ad
1073 3757 1332 3829 excludendas
1355 3757 1438 3829 illas
1461 3757 1619 3830 dolosas

382 3864 664 3951 sollicitationes
681 3864 818 3953 quibus
834 3866 1052 3953 nequissimi
1071 3866 1244 3934 homines
1258 3863 1400 3935 iaciunt
1415 3865 1620 3936 mulierem

385 3972 477 4042 velle
501 3974 535 4040 in
552 3979 697 4044 tantum
713 3973 880 4043 dedecus
895 3993 981 4043 sese
997 3974 1167 4061 prodere.
1192 3975 1361 4062 Aderant
1382 3974 1482 4043 enim
1497 3979 1620 4045 testes

384 4080 519 4167 (prouti
550 4080 690 4150 eruitur
717 4100 765 4151 ex
794 4082 955 4168 partium
987 4080 1253 4168 disceptatione
1285 4081 1322 4151 S·
1348 4080 1385 4149 C.
1410 4082 1619 4169 proposita)

382 4186 445 4274 qui
462 4186 708 4274 deponebant,
731 4187 938 4274 mulierem,
956 4187 1144 4258 volentem
1171 4194 1208 4258 et
1221 4189 1392 4258 maxime
1409 4193 1619 4277 optantem,

381 4291 498 4363 fuisse
521 4313 541 4362 a
567 4295 646 4362 viro
670 4295 887 4383 abductam;
912 4297 1042 4366 aderat
1058 4296 1212 4384 quidam
1238 4297 1451 4366 Canonicus
1473 4297 1534 4384 qui
1566 4303 1619 4369 te·

383 4405 503 4470 status
526 4405 592 4487 est,
617 4405 702 4471 ante
719 4402 885 4472 mulieris
901 4403 1164 4474 abductionem
1181 4406 1268 4475 inita
1295 4405 1391 4475 inter
1414 4403 1619 4481 eosfuisse

381 4507 583 4595 sponsalia.
607 4509 747 4578 Deinde
772 4509 915 4597 mulier,
940 4512 1115 4599 quamvis
1132 4511 1180 4581 ab
1204 4511 1392 4599 Episcopo
1416 4518 1451 4582 et
1466 4513 1512 4583 ab
1529 4514 1619 4587 aliis

382 4615 572 4685 admonita
596 4614 733 4703 fuisset,
760 4624 800 4687 ut
821 4637 843 4688 a
867 4620 947 4688 viro
970 4624 1221 4707 separaretur,
1245 4639 1442 4709 nunquam
1467 4621 1512 4691 ad
1539 4622 1619 4697 hoc
1726 4660 1728 4693 1
