3509 5317
1374 527 1730 588 ...335-

333 686 377 736 a
426 677 689 737 natura
740 665 1080 754 profluat,
1130 666 1409 736 nedum
1462 666 1745 751 medici,
1799 665 1933 735 sed
1979 670 2050 733 et
2095 663 2285 734 sacri
2333 680 2686 748 canones»,
2719 672 2785 731 et

332 791 599 843 eorum
646 774 1084 860 interpretes
1144 774 1470 843 iudicant
1514 780 1585 843 et
1632 778 1883 842 tenent
1928 771 2230 861 quando
2285 789 2429 858 ope
2476 769 2789 839 medico-

332 900 505 950 rum
578 887 898 968 nequeat
965 880 1322 951 adiuvari.
1401 884 1488 951 Et
1557 899 1820 951 revera
1869 898 2032 966 cap.
2068 897 2188 947 em
2250 876 2513 946 litteris
2559 880 2644 962 3,
2698 876 2785 946 de

316 985 582 1077 sriqid.
630 993 703 1057 et
747 987 998 1063 malef'.
1049 989 1454 1076 respondet
1498 987 1872 1079 Pontifex‘:
1928 985 2142 1065 Quod
2188 985 2251 1054 si
2298 985 2558 1055 vitiam
2602 984 2785 1053 iliaci

329 1095 698 1165 muliera
739 1101 1028 1166 natura
1090 1096 1487 1190 contraxit
1509 1150 1537 1182 ,
1596 1117 1728 1166 nee
1774 1115 1914 1186 ope
1984 1093 2443 1164 medicorum
2510 1092 2785 1182 poterit

328 1203 711 1289 adiuvari,
752 1201 913 1273 viro
945 1202 1176 1274 aliam
1208 1203 1624 1294 aecipiendi
1647 1201 1961 1274 liberam
1999 1199 2289 1274 tribuas
2308 1199 2781 1292 f’aealtatem⁴

328 1310 481 1381 Cur
529 1311 713 1385 haec
759 1313 979 1380 datur
1027 1310 1334 1382 facultas
1379 1313 1518 1381 nisi
1565 1312 1735 1400 quia
1783 1311 2125 1381 naturale
2171 1309 2644 1397 impotentiae
2693 1308 2785 1376 vi-

327 1419 517 1487 tium
562 1425 1004 1504 perpetuum
1073 1436 1242 1488 esse
1303 1421 1702 1489 censetur?
1747 1455 1797 1466 -
1842 1420 1931 1487 Et
1989 1435 2148 1504 cap.
2199 1412 2650 1485 laudabilem
2703 1420 2777 1500 5,

327 1521 472 1591 eod
520 1521 622 1590 tit.
641 1543 664 1590 .·
715 1522 794 1592 Si
830 1522 1211 1614 friyiditas
1255 1524 1472 1614 prius
1513 1523 1837 1614 probari
1871 1544 2021 1592 non
2059 1523 2326 1612 possit,
2366 1520 2781 1595 cohabitent

322 1647 471 1717 per
519 1628 958 1700 triennium:
1006 1651 1154 1719 qao
1200 1630 1487 1721 elapm,
1529 1632 1595 1701 si
1637 1630 1908 1701 mulier
1938 1650 2079 1721 per
2106 1630 2386 1699 iastam
2434 1627 2781 1699 indiciam

327 1733 547 1820 (idest
606 1755 739 1823 per
786 1744 1010 1809 testes
1062 1739 1171 1809 vel
1245 1747 1638 1826 aspectum
1666 1796 1683 1828 ‚
1736 1738 2033 1824 Gloss.)·
2076 1735 2169 1806 de
2232 1737 2393 1806 viro
2451 1735 2781 1827 probare

319 1846 686 1931 potuerit,
739 1845 943 1933 qaod
986 1866 1156 1923 eam
1202 1867 1292 1917 ea
1340 1847 1539 1918 coire
1587 1868 1734 1918 non
1785 1847 2049 1936 possi-t,
2090 1844 2410 1934 accipiat
2454 1843 2710 1914 aliam.
2741 1880 2785 1896 ε

323 1952 530 2038 Ergo
562 1951 626 2020 si
658 1951 1012 2041 frigiditas
1058 1955 1265 2040 prius
1299 1955 1604 2043 probari
1640 1941 1880 2043 potaet
1911 1974 2044 2042 per
2089 1955 2371 2023 iustum
2406 1950 2781 2032 iudicium,

325 2061 912 2155 matrimonium,
962 2081 1112 2130 non
1160 2069 1551 2151 expectato
1597 2064 1944 2150 trienniO,
1995 2062 2443 2131 dissolvitur.
2501 2062 2588 2129 Et
2633 2078 2777 2147 qua

324 2166 596 2235 iterum
647 2168 929 2237 ratione
976 2170 1110 2238 nisi
1177 2170 1534 2240 naturalis
1591 2169 1947 2259 frigiditas
2016 2174 2371 2257 perpetua
2435 2168 2785 2237 iudieare-

324 2277 485 2344 tur?
541 2277 631 2345 Et
674 2276 835 2361 ipso
883 2278 1193 2347 triennio
1242 2280 1596 2366 expleto„
1625 2280 1803 2368 quid
1855 2277 2298 2346 matrimonii
2370 2275 2777 2344 nullitatem

322 2382 712 2467 suaderet,
763 2384 898 2453 nisi
950 2385 1307 2454 naturalis
1354 2386 1761 2474 frigiditatis
1810 2384 2262 2472 perpetuitas
2330 2381 2643 2451 firmiter
2687 2387 2777 2450 te-

324 2496 649 2573 neretur,
700 2491 812 2558 vel
862 2491 1129 2561 saitem
1178 2495 1832 2578 praesumeretur?

456 2599 570 2665 27.
621 2597 767 2666 Sed
814 2597 1214 2667 audiamus
1263 2617 1499 2668 unum
1551 2600 1664 2668 vel
1714 2601 2032 2670 atterum
2083 2617 2182 2667 ex
2215 2598 2554 2684 pluribus
2602 2598 2781 2665 iuris

322 2705 849 2792 interpretibus
880 2715 952 2776 et
983 2706 1310 2776 medicis.
1360 2708 1697 2776 Sanohez
1732 2713 1765 2787 ,ί
1769 2708 1879 2775 De
1903 2711 2127 2774 matr.
2164 2704 2278 2774 lib.
2309 2709 2369 2773 7.
2401 2704 2591 2793 disp.
2626 2708 2777 2774 103.

322 2834 390 2882 n.
428 2817 510 2897 4)
558 2819 892 2884 statuens
937 2815 1140 2901 quod
1190 2815 1617 2901 impotentia
1661 2815 2048 2898 naturaliS,
2098 2833 2236 2883 seu
2293 2811 2646 2902 frigiditas
2707 2814 2777 2880 in

322 2923 556 2993 dubio
604 2941 700 2991 an
735 2924 828 2992 sit
857 2922 1300 2993 antecedens
1336 2925 1453 2991 vet
1485 2916 1968 3009 eonseqa'enS,
2010 2927 2538 3010 praesumatur
2577 2941 2781 3008 prae-

321 3033 650 3102 cessisse
699 3032 1287 3117 matrimonium,
1339 3041 1412 3101 et
1464 3031 1574 3102 sic
1620 3032 2181 3101 matrimonium
2242 3049 2410 3099 esse
2466 3030 2777 3108 nulium„

322 3138 526 3208 hano
570 3137 785 3208 affert
829 3138 1191 3207 rationem
1239 3145 1627 3226 tamquam
1677 3139 2398 3226 exploratissimam:
2452 3160 2489 3201 «
2526 3139 2781 3208 Dacos*

320 3244 533 3334 qaod
574 3244 965 3316 naturalia
1011 3245 1158 3315 sint
1199 3252 1624 3335 perpetua,
1680 3250 1754 3314 et
1800 3244 2241 3333 qualitatem
2307 3267 2503 3336 qaae
2560 3269 2612 3316 a
2658 3269 2781 3316 na·

326 3359 508 3422 ἴηνα
562 3359 716 3438 est,
769 3372 1065 3442 semper
1120 3352 1355 3423 inesse
1422 3358 1972 3442 praesumatur>
1997 3406 2021 3436 ‚
2078 3359 2160 3420 at
2201 3352 2482 3443 probat
2529 3356 2777 3425 Meno-

321 3462 532 3530 ehias
580 3459 1087 3549 (Praesumpt.
1137 3460 1251 3529 lib.
1304 3466 1364 3530 1.
1415 3465 1703 3549 quaest.
1758 3461 1858 3528 13.
1907 3480 1978 3528 n.
2013 3461 2082 3536 3)
2116 3483 2177 3526 ».
2225 3498 2272 3508 -
2319 3462 2450 3528 His
2484 3463 2773 3549 gemina

324 3568 552 3638 habet
600 3569 1010 3636 Leurenius
1070 3576 1240 3654 post
1286 3569 1623 3638 Sanchez
1651 3622 1669 3654 ‚
1718 3567 2092 3636 scribens:
2145 3589 2181 3629 «
2217 3567 2419 3635 Dum
2489 3575 2777 3638 constat

321 3673 413 3744 de
463 3673 928 3762 impotentia,
979 3672 1520 3763 dabitatar’qae
1568 3674 1812 3744 solam
1868 3694 1969 3743 an
2000 3673 2498 3764 praeeesser’it
2529 3682 2781 3745 matrs-

320 3780 686 3866 moniam,
739 3780 806 3850 si
847 3780 943 3851 sit
987 3804 1040 3852 a
1086 3788 1407 3868 natura,
1462 3781 1951 3852 iudicandam
2014 3801 2172 3850 esse
2219 3801 2386 3850 eam
2447 3802 2781 3871 praecea-

319 3888 509 3958 sisse
556 3887 1117 3959 matrimonium
1169 3891 1263 3975 (et
1310 3891 1641 3960 notanda
1687 3891 1917 3976 ratio);
1966 3909 2137 3958 eam
2183 3908 2379 3977 qaae
2416 3910 2464 3959 a
2498 3896 2777 3961 natam:

320 4003 546 4082 sant,
602 3995 750 4066 sint
821 4002 1239 4087 perpetua,
1304 3997 1948 4087 praesumendam
2022 4017 2190 4066 eam
2267 3996 2777 4086 impotentiam

323 4104 560 4190 faisse
628 4124 925 4194 semper
947 4158 972 4190 ,
1026 4103 1312 4175 docent.
1345 4125 1395 4172 a
1425 4101 1760 4192 fortiore
1830 4102 2214 4172 Maseard.
2284 4103 2378 4171 de
2429 4102 2724 4192 probat.
2753 4160 2769 4188 η,

320 4211 644 4282 condas.
680 4213 838 4281 812.
874 4233 944 4279 n.
979 4216 1065 4281 19
1091 4235 1127 4276 »
1165 4211 1505 4298 (Leuren.
1535 4213 1816 4281 Forum
1844 4208 2261 4281 Ecclesiast.
2282 4209 2400 4279 lib.
2428 4213 2495 4279 4.
2535 4211 2636 4280 tit.
2666 4217 2773 4281 15.

322 4324 612 4406 quaest.
644 4321 813 4389 249.
863 4338 1064 4388 nam.
1112 4318 1199 4404 3).
1246 4355 1295 4366 -
1340 4318 1484 4387 Sed
1537 4318 1809 4387 diserte
1871 4318 2066 4387 hano
2113 4317 2491 4386 veritatem
2564 4317 2777 4388 docet

321 4426 636 4497 Zacohia
672 4445 790 4512 op.
825 4427 940 4495 cit.
974 4426 1277 4513 passim.
1329 4424 1804 4494 Enumeratis
1838 4424 2032 4493 enim
2065 4419 2475 4508 frigiditatis
2523 4423 2773 4511 signia,

321 4551 520 4619 quae
569 4532 779 4602 retuli
827 4551 1033 4609 num.
1080 4534 1190 4617 23,
1239 4531 1640 4600 concludit:
1695 4553 1732 4594 «
1766 4530 1876 4598 Ob
1925 4530 2119 4598 hanc
2165 4527 2632 4616 frigiditatem
2681 4549 2777 4600 ex

326 4659 363 4699 «
396 4638 515 4706 his
559 4637 794 4726 signis
841 4637 1541 4707 concludentissime
1590 4637 2007 4724 probatam,
2057 4635 2346 4724 absque
2395 4636 2623 4705 dubio
2672 4655 2778 4706 se-
