3509 5317
886 491 1064 551 -470-

353 624 417 693 vix
439 625 592 713 quidem
615 628 828 716 contingere
854 635 893 697 ut
912 628 1051 717 copula
1066 629 1159 698 iuter
1175 646 1347 715 sponsos
1361 628 1500 699 affectu
1520 648 1600 700 ma-

352 733 443 802 ritali
468 751 537 802 nec
560 732 757 805 fornicario
782 736 985 805 habeatur:
1010 755 1172 825 eamque
1196 755 1272 805 non
1303 738 1529 808 matrimonii
1550 738 1599 806 le

353 840 466 928 gitimi
484 861 597 911 usum
613 842 680 912 sed
698 841 947 914 fornicationis
965 851 1160 931 peccatum
1177 846 1371 915 communi
1395 846 1597 915 hominum

353 950 525 1036 opinione
557 951 782 1020 existimari:
816 951 892 1020 imo
929 952 991 1020 vix
1028 953 1247 1039 persuaderi
1287 952 1430 1039 populo
1467 972 1597 1041 posse,

353 1056 542 1141 sponsalia
566 1056 612 1125 de
635 1056 850 1145 luturoper
873 1060 1173 1130 coniunctionem
1198 1059 1394 1130 carnalem
1413 1061 1450 1128 in
1473 1062 1599 1130 matri·

355 1163 525 1231 monium
549 1165 716 1234 transire.

406 1258 487 1340 vHis
511 1272 619 1360 igitur
644 1274 758 1342 rebus
793 1279 829 1343 et
862 1274 998 1359 carreis,
1035 1275 1083 1343 de
1117 1274 1271 1342 consilio
1308 1275 1597 1345 venerabilium
1674 1288 1680 1303 '

355 1380 528 1448 Fratrum
552 1378 776 1450 Nostrorum
801 1381 837 1451 S.
863 1384 906 1450 R.
931 1383 969 1450 Ε.
999 1380 1250 1451 cardinalium
1287 1381 1320 1448 in
1360 1381 1475 1451 rebus
1505 1380 1598 1451 fldei

356 1488 620 1576 inquisitorum
633 1488 874 1576 generalium,
890 1506 1004 1573 supra
1024 1496 1255 1565 memoratos
1267 1506 1436 1558 canones
1447 1493 1485 1556 ot
1497 1487 1600 1556 alias

356 1614 618 1684 quascumque
642 1597 733 1665 iuris
755 1596 922 1667 canonici
947 1615 990 1666 ea
1016 1597 1063 1664 de
1090 1614 1128 1663 re
1163 1594 1444 1681 dispositiones,
1481 1596 1597 1663 etiam

356 1704 506 1790 speciali
530 1704 717 1773 mentione
732 1705 876 1791 dignita,
896 1723 961 1791 per
978 1703 1050 1771 hoc
1067 1704 1265 1772 Decretum
1282 1704 1464 1771 Nostrum
1482 1703 1597 1771 abro-

357 1829 493 1899 gamus
516 1816 553 1880 et
575 1810 781 1897 abolemus
795 1815 830 1881 et
847 1829 914 1897 pro
938 1810 1082 1881 abolitis
1106 1815 1142 1878 et
1165 1809 1363 1898 abrogatis
1386 1828 1430 1879 ac
1447 1811 1477 1878 si
1501 1829 1600 1878 nun·

357 1936 472 2006 quarn
497 1917 729 2004 prodiissent
755 1919 883 1987 haberi
910 1918 1095 1988 volumus

422 2023 541 2093 Simul
565 2044 632 2112 per
656 2020 725 2095 lias
750 2025 888 2095 litteras
910 2027 1068 2094 Nostras
1092 2025 1331 2095 decernimus
1359 2042 1404 2094 ac
1439 2023 1600 2094 manda·

358 2150 445 2201 mus
470 2137 509 2200 ut
531 2132 708 2219 deinceps
732 2132 801 2202 illis
824 2132 859 2199 in
885 2132 975 2201 locis
999 2133 1035 2200 in
1071 2132 1209 2219 quibus
1238 2131 1410 2220 coniugia
1445 2130 1597 2201 clande-

357 2241 451 2310 stina
477 2241 697 2329 prevalidis
721 2241 915 2323 habentur,
940 2261 961 2309 a
986 2240 1185 2328 quibusvis
1208 2239 1392 2309 iudicibus
1422 2237 1600 2308 ecclesia·

358 2347 467 2435 sticis‚
492 2348 528 2415 in
552 2366 711 2435 quorum
738 2346 818 2416 loro
841 2354 976 2416 causas
1001 2345 1184 2416 eiusmodi
1204 2345 1496 2415 matrimoniales
1520 2345 1600 2434 agi·

358 2455 426 2522 tari
449 2459 485 2523 et
509 2454 659 2523 iudicari
683 2453 885 2543 contigerit,
908 2453 1042 2541 copula
1068 2452 1230 2523 carnalis
1261 2450 1503 2539 sponsalibus
1533 2470 1599 2520 su-

358 2563 581 2650 perveniens
604 2582 678 2631 non
703 2562 865 2649 amplius
889 2581 940 2632 ex
956 2562 1046 2631 iuris
1063 2561 1368 2659 praesumptione
1383 2559 1597 2659 coniugalis

321 2682 323 2687 ’
358 2673 570 2739 contractus
593 2676 800 2754 censeatur,
825 2687 895 2738 nec
921 2688 988 2756 pro
1013 2667 1174 2753 legitimo
1208 2669 1444 2737 matrimonio
1477 2687 1598 2757 agno

356 2783 484 2846 scatur
507 2796 575 2847 seu
599 2777 818 2847 declaretur.
844 2777 964 2845 Huius
988 2788 1115 2845 tamen
1139 2777 1358 2846 auctoritate
1378 2779 1520 2847 Decreti
1542 2779 1598 2846 in·

358 2884 442 2954 duci
468 2884 646 2954 nolumus
670 2885 928 2954 necessitatem
953 2881 1097 2953 formae
1120 2884 1356 2954 Tridentinae
1381 2885 1597 2956 servandae

359 2992 406 3061 ad
432 2991 665 3061 matrimonlii
691 2990 915 3060 validitatem
934 2991 994 3059 ubi
1021 2990 1077 3060 illa
1102 2990 1223 3061 torma
1249 2992 1363 3061 modu
1388 3011 1463 3060 non
1483 2994 1597 3081 viget

426 3100 560 3168 Datum
586 3100 730 3168 Romae
753 3097 854 3186 apud
879 3099 914 3169 S.
939 3101 1091 3169 Petrum
1129 3099 1188 3169 die
1224 3102 1266 3169 15
1289 3098 1463 3169 februarii
1493 3103 1596 3188 1892,

358 3203 598 3275 pontificatus
622 3207 743 3275 Nostri
767 3224 867 3274 anno
892 3206 1039 3276 decimo
1063 3220 1208 3295 quarto.

822 3424 913 3492 LEO
937 3424 1006 3492 PP.
1029 3421 1126 3492 XIll.
