3509 5317
1403 515 1761 575 -141-

532 652 606 719 in
659 647 1006 719 Bavaria
1037 669 1156 720 an.
1208 651 1404 736 1834,

530 759 606 827 in
659 755 1064 848 Hunycm'a
1110 776 1228 827 an.
1281 759 1477 827 1844.

490 866 574 934 11.
625 865 704 933 In
757 868 960 934 Asu.

354 974 771 1043 Extensam
818 970 1049 1040 fuisse
1097 970 1468 1040 Benedicti
1515 970 1696 1038 XIV
1743 969 2337 1080 Declarationem
2383 975 2672 1038 constat

541 1077 966 1148 Pondieer’ii
1006 1097 1125 1148 an.
1176 1080 1374 1148 1833.

540 1188 624 1256 In
679 1185 1028 1274 Θεωρία,
1083 1187 1348 1256 saltem
1396 1184 1954 1273 aequivalenter
1999 1203 2116 1254 an.
2168 1186 2363 1253 1845.
2410 1218 2455 1233 -

540 1295 621 1363 In
672 1312 804 1365 ora
865 1291 1476 1363 Coromandelica
1520 1311 1639 1361 an.
1691 1293 1888 1361 1831.

542 1402 623 1470 In
675 1399 990 1490 Ιαροηία
1036 1400 1593 1488 aequivalenter
1641 1399 1790 1468 iarn
1840 1399 1937 1468 ab
1984 1418 2103 1468 an.
2156 1400 2352 1468 1625.

542 1507 623 1575 In
671 1525 802 1577 ora
850 1508 1125 1595 pariter
1173 1505 1651 1576 Malabariea
1699 1505 1846 1575 sub
1893 1506 2164 1576 ditione
2212 1504 2599 1594 quondam
2660 1508 2824 1572 ila-l-

360 1612 657 1684 landiae
703 1633 821 1683 an.
873 1615 1068 1682 1765.

546 1719 890 1808 Bombay
936 1740 1036 1791 ex
1081 1739 1232 1809 quo
1284 1721 1618 1807 pervenit
1676 1721 1825 1790 sub
1893 1719 2245 1788 ditionem
2287 1720 2680 1789 ·societati÷=
2732 1724 2824 1784 ⁵11·

364 1829 594 1898 Indiis
641 1839 1116 1918 nuncupatae
1164 1850 1282 1898 an.
1334 1831 1530 1898 1761.
1565 1865 1610 1880 -
1657 1828 1682 1866 ²

503 1936 616 2004 III.
669 1937 748 2004 In
799 1939 1146 2006 Amnch
1267 1992 1275 1999 .

366 2043 657 2111 Locum
706 2043 963 2112 habuit
1008 2043 1345 2112 extensio
1394 2044 1735 2112 eiusdem
1788 2042 2319 2112 Declarationis

560 2149 641 2217 In
689 2149 1104 2246 Provinciis·
1165 2131 1479 2219 Canada
1537 2167 1636 2219 ex
1682 2167 1836 2236 quo
1896 2149 2042 2217 sub
2102 2149 2457 2217 ditionem
2524 2148 2828 2228 Anglim-

372 2258 880 2340 pervenerunt
924 2274 1041 2324 an.
1093 2255 1287 2324 1763.

563 2356 904 2441 caracae
952 2375 1072 2426 an.
1124 2358 1291 2426 1851
1347 2355 1392 2424 ⁸.

508 2568 527 2605 ²
573 2567 1206 2628 Animadvertendum
1248 2572 1456 2628 tamen
1499 2573 1617 2638 est,
1675 2569 1876 2628 citata
1912 2585 1950 2626 a
1997 2587 2056 2645 p.
2094 2569 2366 2626 Perrone
2395 2567 2640 2626 decreta
2692 2568 2828 2636 (fis...

370 2668 484 2724 cit.
517 2665 610 2723 De
641 2673 836 2725 matr.
872 2667 980 2725 lib.
1010 2664 1076 2724 2.
1110 2673 1259 2726 sect.
1292 2666 1351 2726 1.
1383 2685 1526 2741 cap.
1559 2666 1625 2727 6.
1650 2674 1775 2725 art.
1808 2665 1872 2726 4.
1901 2682 2101 2742 payy.
2136 2664 2450 2722 270-27!
2488 2667 2596 2725 cit.
2632 2668 2772 2724 edii..
2796 2680 2828 2732 j.

372 2782 532 2839 quae
573 2765 891 2841 pertinent
928 2764 1007 2822 ad
1049 2764 1471 2834 Hiberniam,
1513 2766 1589 2823 ad
1632 2765 1989 2824 universum
2046 2765 2369 2842 imperium
2415 2766 2836 2824 Russfflfflm.

374 2866 777 2940 Regnumque
820 2864 1160 2931 Potoniae,
1182 2865 1331 2923 item
1376 2864 1451 2921 ad
1493 2863 1847 2942 provincias
1888 2864 2255 2922 Rhenanas
2300 2865 2409 2922 sub
2450 2863 2680 2922 ditione
2732 2864 2840 2916 ΗΠ,

376 2965 640 3033 russica,
685 2963 785 3020 ads
824 2963 1217 3030 Bavariam,
1259 2962 1335 3022 ad
1395 2963 1859 3038 Hunyariam,
1903 2963 1979 3021 ad
2043 2960 2393 3037 Geor-qiam
2457 2961 2660 3038 reipsa
2728 2980 2836 3016 nnn

374 3081 512 3122 esse
572 3062 994 3122 extensionem
1040 3063 1477 3122 Benedictinae
1510 3063 1988 3123 DeclarationiS.
2038 3064 2283 3123 Etenim
2314 3067 2383 3122 ut
2411 3063 2597 3139 probe
2648 3084 2844 3116 :nnm-

376 3160 658 3220 advertit
718 3160 802 3219 cl.
850 3159 1159 3220 Ballerini
1220 3160 1310 3237 (in
1377 3161 1538 3219 notis
1601 3162 1675 3218 ad
1721 3161 2017 3238 Theolog.
2068 3162 2289 3221 moral.
2336 3162 2534 3237 Gury,
2582 3160 2656 3216 de
2728 3164 2844 3216 m-

373 3259 527 3334 ped.
573 3256 928 3337 clandest.)
972 3277 1008 3317 ‹
1039 3263 1284 3336 praeter
1341 3277 1522 3334 quam
1565 3250 1724 3335 quod
1770 3260 1918 3317 haec
1965 3259 2322 3319 Declaratio
2364 3277 2442 3318 ex
2484 3260 2628 3318 aliis
2676 3280 2844 3332 μω·-

379 3372 485 3414 sus
531 3353 848 3432 principiis
890 3355 1060 3414 ducit
1102 3355 1429 3431 originem,
1476 3356 1724 3433 insuper
1770 3356 2069 3432 primario
2114 3356 2189 3414 ad
2235 3356 2680 3422 haereticorum
2724 3380 2812 3412 mn

379 3453 683 3513 trimonia
726 3453 1028 3523 refertum
1076 3486 1118 3496 -
1146 3453 1219 3511 ad
1253 3453 1651 3512 matrimonia
1696 3470 1842 3512 vero
1875 3455 2089 3511 mixta
2134 3453 2348 3511 deinde
2392 3471 2499 3529 per
2541 3456 2840 3528 quen-istm

381 3549 561 3626 quasi
602 3550 1020 3609 extensionem
1066 3554 1387 3627 protracta
1428 3557 1547 3622 est,
1581 3556 1764 3629 prout
1805 3552 1934 3629 ipse
1978 3551 2347 3611 Benedictus
2388 3550 2537 3609 XIV
2580 3552 2696 3626 (Ii-2
2736 3556 2844 3620 fiis-

385 3648 555 3705 nodo
604 3648 714 3706 lib.
747 3651 813 3706 θ’.
860 3666 1004 3723 cap.
1043 3648 1106 3708 6.
1154 3667 1225 3706 n.
1262 3647 1371 3725 12)
1414 3650 1680 3721 indicat3
1723 3681 1767 3693 -
1808 3653 2024 3709 contra
2068 3667 2215 3707 vero
2256 3649 2530 3720 decreta,
2575 3666 2728 3724 quae
2776 3652 2840 3704 :nl

384 3745 670 3822 regiones
713 3746 993 3823 superius
1035 3746 1376 3806 recensitas
1438 3747 1778 3824 pertinent,
1824 3748 2056 3806 decreti
2101 3747 2428 3807 tridentini
2494 3748 2848 3820 derogas-ffera-

385 3860 544 3901 nem
574 3861 680 3902 seu
709 3843 1270 3919 dispensationem
1304 3845 1608 3920 quandam
1652 3846 1994 3916 continent,
2028 3849 2092 3904 et
2120 3845 2312 3903 solum
2346 3843 2423 3903 ad
2453 3844 2844 3903 matt-inmitia

387 3944 615 4015 mimia,
648 3942 1007 4003 referuntur
1037 3961 1095 4002 ι).

523 4040 547 4078 2
593 4042 720 4107 Quo
783 4043 860 4099 ad
925 4042 1208 4118 regiones
1250 4041 1591 4115 Benqalae
1633 4043 2066 4100 occidentalis
2132 4060 2235 4101 seu
2281 4041 2648 4100 Caleutten.
2688 4049 2744 4096 τὴ.
2780 4048 2820 4084 ⁴·

388 4141 459 4200 S.
507 4139 627 4198 Off.
676 4140 772 4198 die
825 4141 909 4199 12
949 4147 1107 4214 sept.
1167 4139 1343 4200 1838
1407 4141 1718 4200 decrevit:
1770 4158 1806 4198 ‹
1839 4141 2315 4219 Supplicandum
2362 4140 2555 4201 SSriio
2598 4164 2704 4216 pru

386 4238 668 4297 tensione
725 4237 1166 4297 declarationis
1209 4238 1527 4298 Benedicti
1573 4238 1744 4308 XIV,
1793 4239 2190 4299 matrimonia
2234 4239 2294 4296 in
2346 4239 2557 4314 Belgio
2599 4248 2656 4296 et
2715 4244 2772 4296 ΙΙ
2792 4248 2852 4288 Ι-

386 4337 602 4397 landia
649 4337 966 4397 celebrata¹
1010 4336 1420 4414 respicientis,
1465 4338 1541 4395 ad
1587 4337 1869 4413 regiones
1913 4338 1985 4396 de
2027 4338 2245 4413 quibus
2275 4336 2511 4412 agitur
2517 4354 2573 4394 ».
2628 4340 2704 4396 E'·
2768 4360 2852 4396 1¹·-

384 4432 588 4511 gestis
635 4433 700 4489 S.
750 4431 815 4490 C.
865 4432 936 4489 de
983 4430 1388 4507 propaganda
1424 4429 1601 4488 Fide.

516 4527 541 4564 ³
587 4525 940 4588 Notandum
999 4545 1136 4585 cum
1197 4526 1404 4584 eodem
1450 4526 1793 4585 Ballerinio
1846 4526 2031 4601 (ibid.
2037 4528 2085 4603 ),
2140 4528 2251 4585 duo
2316 4527 2604 4596 decreta
2760 4551 2852 4584 [ιιι

376 4644 495 4705 pro
527 4625 845 4699 Inponia,
873 4624 1140 4684 alterum
1173 4640 1279 4699 pro
1312 4625 1631 4695 Car-acac,
1661 4641 1800 4682 cum
1842 4625 2039 4683 solum
2072 4625 2147 4682 ad
2179 4551 2704 4683 (κιιήοῑίοοναππιΙΙ
2700 4632 2852 4680 miv:-
