3509 5317
1723 412 1799 425 -.
1842 379 1963 440 200
2003 413 2081 427 .-

683 524 890 603 perta
925 517 1331 604 integritate
1362 534 1537 585 cum
1571 517 1904 612 absentia
1938 518 2520 589 ‹varuncularum
2564 519 3140 609 myrtiformium

684 621 962 708 (talium
1027 623 1228 692 enim
1283 623 1868 692 caruncularum
1928 626 2349 711 praesentia
2418 626 2768 697 indicium
2840 629 3147 714 praebet

685 730 1147 801 lacerationis
1196 729 1567 818 hymenis)
1616 728 1984 801 infallibile
2033 735 2192 801 erui
2241 740 2774 821 argumentum
2823 754 2973 804 non
3032 755 3149 804 se·

681 845 898 908 cutae
946 840 1637 925 consummationis,
1684 837 1833 908 nisi
1873 858 1983 909 eoe
2024 839 2449 928 peritorum
2495 840 2856 911 eoeamt'ne
2902 850 2974 911 et
3032 848 3148 912 at-

686 943 1075 1015 testatione
1120 944 1332 1016 aliad
1374 951 1679 1015 constet.
1733 947 1855 1021 .Ita
1905 946 2230 1035 loquitur
2276 949 2587 1018 Zacchia
2628 948 2648 982 ¹
2697 968 2873 1018 cum
2925 951 3147 1037 pluri-

682 1054 829 1124 bus
875 1055 1036 1124 aliis
1080 1055 1240 1124 sive
1288 1056 1537 1142 peritis
1585 1056 1913 1140 mediciS,
1949 1057 2108 1126 sive
2154 1075 2547 1140 sacrorum
2602 1075 2988 1128 canonum
3020 1059 3149 1128 do-

681 1162 1030 1248 ctoribuS,
1079 1181 1274 1249 quos
1321 1162 1595 1251 allegat
1638 1163 1726 1231 cl.
1777 1163 2138 1233 Pallottini
2175 1160 2240 1249 ²3
2290 1170 2362 1233 et
2393 1164 2588 1233 hanc
2615 1163 2954 1253 primam
2985 1185 3151 1235 sen-

682 1269 978 1341 tentiam
1030 1275 1279 1340 tenent
1324 1271 1780 1358 antiquiores
1829 1276 1987 1340 tum
2040 1270 2303 1340 medici
2367 1277 2526 1339 tum
2593 1272 3026 1343 canonistae
3069 1278 3149 1341 et

681 1382 1039 1446 constans
1083 1394 1477 1447 sacrarum
1527 1377 2202 1466 Congregationum
2255 1378 2854 1465 iurisprudentia.
2902 1415 2948 1427 -
3010 1379 3147 1447 Alii

683 1502 862 1554 vero
912 1484 1424 1570 probationem
1475 1503 1627 1553 non
1678 1491 1984 1556 secutae
2014 1477 2687 1554 consummationis
2717 1491 3013 1555 erutam
3046 1505 3148 1555 ex

680 1592 1138 1678 inspectione
1168 1587 1508 1678 corporis
1539 1592 1895 1678 mulieriS,
1932 1590 2270 1663 fallacem
2304 1594 2609 1662 omnino
2644 1610 2817 1662 esse
2850 1594 3143 1677 docent,

681 1705 752 1768 et
796 1705 1148 1769 asserunt
1191 1699 1624 1786 virginitatis
1670 1700 1884 1786 signa
1919 1700 2143 1769 dubia
2178 1701 2486 1769 omnino
2519 1718 2691 1768 esse
2720 1704 2794 1769 et
2824 1700 3142 1785 incerta;

684 1825 774 1876 eo
821 1806 939 1877 vel
992 1807 1232 1896 magis
1291 1808 1493 1895 quod
1560 1808 1938 1895 hymenea
2000 1808 2440 1878 membrana
2490 1808 2589 1877 ab
2633 1807 2952 1877 instabili
3026 1826 3149 1875 na·

681 1919 842 1983 tura
893 1913 1273 1982 nonnullis
1318 1912 1615 1984 feminis
1662 1916 2094 2002 denegatur,
2148 1925 2229 1984 ut
2273 1915 2730 2002 experientia
2764 1912 3144 1998 constat⁸;

679 2028 751 2092 et
797 2023 990 2092 hanc
1037 2020 1364 2091 alteram
1412 2022 1856 2091 sententiam
1912 2027 2334 2109 sequuntur
2369 2041 2547 2091 cum
2581 2021 2754 2090 divo
2790 2021 3082 2090 Thoma
3121 2019 3145 2056 ⁴

681 2130 1132 2200 recentiores
1161 2128 1316 2199 fere
1348 2149 1616 2200 omnes
1648 2130 1858 2217 periti
1891 2129 2178 2199 medici.
2230 2130 2390 2198 Hos
2437 2129 2624 2198 inter
2655 2129 3145 2215 Capellmann

681 2238 752 2305 in
800 2256 939 2307 sua
991 2236 1365 2307 Medicina
1407 2235 1824 2326 pastoralis
1873 2238 2066 2325 (pag.
2117 2236 2271 2322 140)
2333 2238 2585 2323 docet,
2635 2237 2837 2324 quod
2895 2241 3148 2326 potest

671 2327 1056 2432 foec'anda
1121 2343 1266 2413 viri
1321 2344 1713 2414 seminatio
1781 2366 1925 2415 saa
1981 2345 2501 2436 penetratione
2561 2344 2771 2435 fieri,
2825 2346 3149 2432 ideoque

682 2452 843 2521 sine
890 2452 1239 2540 hymenis
1287 2452 1750 2536 laceratione,
1791 2459 1865 2522 et
1908 2454 2086 2540 quin
2135 2451 2653 2542 myrtfformes
2684 2450 3147 2522 carunculae

682 2557 1206 2649 efformentar.
1257 2561 1436 2630 Item
1490 2561 1684 2629 hanc
1730 2560 2175 2632 sententiam
2225 2565 2474 2631 t‘enent
2521 2560 2822 2649 plurimi
2870 2578 2969 2628 ex
3030 2578 3150 2628 ca-

680 2667 1038 2752 nonistis,
1086 2674 1158 2736 et
1215 2667 1620 2756 concordat
1667 2686 1726 2736 s.
1763 2668 2269 2755 Raymundus
2316 2669 2410 2738 de
2457 2666 2859 2739 Pennafort
2905 2668 3147 2738 sacris

680 2781 984 2852 innixus
1053 2783 1470 2852 canonibus
1539 2783 1723 2852 dum
1796 2785 1935 2854 ait:
2003 2789 2323 2873 propter
2369 2783 2572 2873 qaod
2616 2782 2792 2853 dicit
2860 2804 3141 2869 canon,

680 2888 884 2975 qaod
930 2909 1202 2959 manas
1250 2888 1735 2960 obstetricum
1782 2895 1855 2960 et
1900 2889 2159 2961 oculas
2205 2910 2432 2981 saepe
2461 2889 2792 2980 fallitur.

812 3000 908 3065 At
954 3016 1133 3067 vero
1178 2998 1607 3068 cavendum
1656 2998 1877 3079 nobis
1921 3004 2077 3086 est,
2127 3018 2222 3068 ne
2291 2999 2572 3070 clausis
2640 2996 2876 3068 oculis
2945 2998 3148 3068 hanc

681 3105 991 3176 alteram
1039 3124 1453 3194 sequamur
1499 3107 1968 3193 sententiam,
2016 3098 2176 3175 sive
2223 3109 2292 3175 in
2345 3126 2428 3177 se
2476 3107 2930 3193 inspectam,
2979 3106 3147 3175 sive

682 3214 853 3301 quia
903 3214 1124 3283 etiam
1171 3213 1359 3283 inter
1405 3214 1853 3283 recentiores
1924 3231 2075 3281 non
2138 3213 2411 3283 desunt
2474 3215 2600 3308 qui
2663 3201 3148 3283 enunciatam

678 3319 1349 3405 foecundationem,
1382 3321 1750 3407 corporali
1785 3326 2135 3390 manente
2171 3321 2500 3390 mulieris
2550 3322 2981 3411 integritate,
3022 3324 3146 3392 vel

680 3429 987 3496 omnino
1034 3428 1422 3517 denegent,
1472 3427 1592 3498 vel
1635 3433 1956 3513 teneant,
2007 3429 2152 3497 hoc
2200 3428 2270 3497 in
2333 3447 2518 3497 casu
2578 3430 3146 3499 matrimonium

680 3534 883 3604 haud
932 3534 1191 3604 haberi
1238 3554 1464 3624 posse
1514 3541 1592 3604 ut
1636 3539 2276 3604 consummatum.
2326 3535 2810 3621 Gravissima,
2864 3541 2942 3605 ut
2987 3536 3149 3622 qui-

680 3640 857 3711 dam
904 3642 1287 3711 consultor
1333 3646 1538 3711 notat
1570 3640 1593 3675 ⁵
1641 3641 1830 3710 haec
1870 3642 2216 3729 ⁴quaestio
2263 3648 2394 3728 est,
2443 3640 2720 3729 quippe
2754 3661 2952 3730 quae
2987 3660 3148 3711 mo-⁶

680 3749 915 3819 ralem
965 3749 1377 3819 doctrinam
1426 3748 1653 3819 afficit
1697 3749 1792 3819 de
1840 3750 2288 3837 impotentia,
2321 3751 2416 3819 de
2447 3750 2842 3820 onanismo
2890 3743 3149 3819 coniu-

813 3911 831 3946 ¹
877 3910 1098 3969 Zacch.
1148 3893 1406 3972 Quaest.
1456 3911 1947 3983 medz'co-leyal.
2001 3911 2105 3967 lib.
2142 3909 2206 3969 4.
2256 3912 2351 3969 tit.
2386 3909 2452 3969 2.
2488 3919 2736 3986 quaest.
2782 3911 2837 3968 1.
2888 3928 2958 3970 n.
3003 3911 3072 3969 8.

814 4006 839 4044 ²
882 4008 977 4066 Ad
1021 4009 1275 4068 verbum
1317 4009 1737 4083 Dt'spensatio
1770 4038 1848 4052 —
1877 4007 1914 4081 g
1967 4007 2069 4064 12.
2121 4026 2186 4064 π.
2244 4005 2401 4068 119.
2562 4073 2567 4080 ,

811 4105 834 4142 ³
879 4106 1147 4184 Scuring
1204 4108 1265 4166 in
1310 4124 1422 4167 sua
1472 4106 1991 4181 spermatoloqia
2042 4124 2186 4180 cap.
2243 4105 2361 4173 10,·
2393 4137 2471 4151 —
2502 4103 2749 4168 Vannet
2793 4109 2865 4165 in
2909 4127 3011 4185 op.
3049 4112 3150 4171 De

685 4204 750 4260 la
790 4207 1179 4277 acuet-atisin
1217 4224 1367 4280 par.
1418 4204 1482 4264 2.
1532 4213 1657 4263 art.
1709 4205 1772 4262 2.

814 4302 837 4338 ⁴
881 4303 1160 4370 Quodlib.
1210 4303 1272 4362 6.
1322 4321 1379 4379 q.
1435 4303 1543 4364 10.
1592 4320 1656 4361 a.
1715 4303 1771 4362 1.

812 4403 837 4439 ⁵
883 4401 1011 4461 cfr.
1060 4401 1222 4459 Acta
1268 4402 1487 4476 Apo-st.
1538 4402 1723 4460 Sedis
1771 4403 1844 4459 in
1888 4401 2226 4477 compend.
2284 4409 2399 4461 etc.
2457 4403 2577 4461 vol.
2634 4402 2747 4463 27.
2775 4420 2931 4478 pay.
2981 4402 3149 4474 335,

680 4505 811 4557 not.
860 4496 924 4558 4.
