<?xml version="1.0" encoding="UTF-8"?>
<!DOCTYPE html PUBLIC "-//W3C//DTD XHTML 1.0 Transitional//EN"
    "http://www.w3.org/TR/xhtml1/DTD/xhtml1-transitional.dtd">
<html xmlns="http://www.w3.org/1999/xhtml" xml:lang="en" lang="en">
 <head>
  <title>
</title>
<meta http-equiv="Content-Type" content="text/html;charset=utf-8" />
  <meta name='ocr-system' content='tesseract 3.04.00' />
  <meta name='ocr-capabilities' content='ocr_page ocr_carea ocr_par ocr_line ocrx_word'/>
</head>
<body>
  <div class='ocr_page' id='page_1' title='image "./decausismatrimo00mansgoog_0455.png"; bbox 0 0 3509 5317; ppageno 0'>
   <div class='ocr_carea' id='block_1_1' title="bbox 705 466 883 527">
    <p class='ocr_par' dir='ltr' id='par_1_1' title="bbox 705 466 883 527">
     <span class='ocr_line' id='line_1_1' title="bbox 705 466 883 527; baseline -0.006 0"><span class='ocrx_word' id='word_1_1' title='bbox 705 466 883 527; x_wconf 75' lang='lat'>-443-</span> 
     </span>
    </p>
   </div>
   <div class='ocr_carea' id='block_1_2' title="bbox 178 602 1414 2623">
    <p class='ocr_par' dir='ltr' id='par_1_2' title="bbox 180 602 1414 907">
     <span class='ocr_line' id='line_1_2' title="bbox 252 602 1414 694; baseline -0.006 -16"><span class='ocrx_word' id='word_1_2' title='bbox 252 610 275 694; x_wconf 69' lang='grc' dir='ltr'><strong>ἓ</strong></span> <span class='ocrx_word' id='word_1_3' title='bbox 297 611 329 678; x_wconf 89' lang='grc'>8.</span> <span class='ocrx_word' id='word_1_4' title='bbox 353 606 567 679; x_wconf 78' lang='lat' dir='ltr'>praedictae</span> <span class='ocrx_word' id='word_1_5' title='bbox 590 606 849 693; x_wconf 88' lang='lat' dir='ltr'>deputationes</span> <span class='ocrx_word' id='word_1_6' title='bbox 872 609 908 673; x_wconf 92' lang='grc'>61</span> <span class='ocrx_word' id='word_1_7' title='bbox 931 603 1183 691; x_wconf 88' lang='lat' dir='ltr'>delegationes</span> <span class='ocrx_word' id='word_1_8' title='bbox 1206 604 1242 672; x_wconf 93' lang='lat' dir='ltr'>in</span> <span class='ocrx_word' id='word_1_9' title='bbox 1268 602 1414 689; x_wconf 85' lang='lat' dir='ltr'>scriptis</span> 
     </span>
     <span class='ocr_line' id='line_1_3' title="bbox 180 708 1412 800; baseline -0.007 -14"><span class='ocrx_word' id='word_1_10' title='bbox 180 716 230 786; x_wconf 94' lang='lat' dir='ltr'>ab</span> <span class='ocrx_word' id='word_1_11' title='bbox 264 714 458 784; x_wconf 89' lang='lat' dir='ltr'>Ordinario</span> <span class='ocrx_word' id='word_1_12' title='bbox 492 711 604 800; x_wconf 89' lang='lat' dir='ltr'>flant,</span> <span class='ocrx_word' id='word_1_13' title='bbox 628 718 664 784; x_wconf 91' lang='lat' dir='ltr'>et</span> <span class='ocrx_word' id='word_1_14' title='bbox 691 731 823 782; x_wconf 90' lang='lat' dir='ltr'>earum</span> <span class='ocrx_word' id='word_1_15' title='bbox 853 712 1066 782; x_wconf 88' lang='lat' dir='ltr'>authentica</span> <span class='ocrx_word' id='word_1_16' title='bbox 1096 710 1323 780; x_wconf 89' lang='lat' dir='ltr'>documenta</span> <span class='ocrx_word' id='word_1_17' title='bbox 1353 708 1412 778; x_wconf 92' lang='lat' dir='ltr'>vel</span> 
     </span>
     <span class='ocr_line' id='line_1_4' title="bbox 180 821 855 907; baseline -0.007 -16"><span class='ocrx_word' id='word_1_18' title='bbox 180 822 312 894; x_wconf 88' lang='lat' dir='ltr'>saltem</span> <span class='ocrx_word' id='word_1_19' title='bbox 336 821 476 890; x_wconf 89' lang='lat' dir='ltr'>mentio</span> <span class='ocrx_word' id='word_1_20' title='bbox 499 822 535 888; x_wconf 87' lang='lat' dir='ltr'>in</span> <span class='ocrx_word' id='word_1_21' title='bbox 560 821 651 890; x_wconf 88' lang='grc'><strong>66116</strong></span> <span class='ocrx_word' id='word_1_22' title='bbox 678 824 855 907; x_wconf 80' lang='lat' dir='ltr'><strong>prostent.</strong></span> 
     </span>
    </p>

    <p class='ocr_par' dir='ltr' id='par_1_3' title="bbox 178 925 1414 1552">
     <span class='ocr_line' id='line_1_5' title="bbox 247 925 1413 1014; baseline -0.002 -16"><span class='ocrx_word' id='word_1_23' title='bbox 247 932 270 1014; x_wconf 58' lang='grc' dir='ltr'>ὅ</span> <span class='ocrx_word' id='word_1_24' title='bbox 291 932 322 998; x_wconf 87' lang='grc'>9.</span> <span class='ocrx_word' id='word_1_25' title='bbox 340 928 586 998; x_wconf 89' lang='grc' dir='ltr'><strong>Μο1161610116</strong></span> <span class='ocrx_word' id='word_1_26' title='bbox 601 930 772 997; x_wconf 87' lang='lat' dir='ltr'>actorum</span> <span class='ocrx_word' id='word_1_27' title='bbox 789 927 858 997; x_wconf 91' lang='lat' dir='ltr'>erit</span> <span class='ocrx_word' id='word_1_28' title='bbox 871 925 1033 997; x_wconf 91' lang='lat' dir='ltr'>tribunal</span> <span class='ocrx_word' id='word_1_29' title='bbox 1049 943 1269 1011; x_wconf 90' lang='lat' dir='ltr'>convocare,</span> <span class='ocrx_word' id='word_1_30' title='bbox 1287 934 1413 1013; x_wconf 89' lang='lat' dir='ltr'>partes</span> 
     </span>
     <span class='ocr_line' id='line_1_6' title="bbox 180 1033 1413 1126; baseline -0.004 -19"><span class='ocrx_word' id='word_1_31' title='bbox 180 1042 217 1107; x_wconf 91' lang='grc'>61</span> <span class='ocrx_word' id='word_1_32' title='bbox 239 1041 352 1107; x_wconf 87' lang='lat' dir='ltr'>testes</span> <span class='ocrx_word' id='word_1_33' title='bbox 375 1035 489 1105; x_wconf 88' lang='lat' dir='ltr'>citare</span> <span class='ocrx_word' id='word_1_34' title='bbox 513 1036 612 1104; x_wconf 88' lang='lat' dir='ltr'>utin</span> <span class='ocrx_word' id='word_1_35' title='bbox 638 1034 816 1126; x_wconf 90' lang='lat' dir='ltr'>iudicium</span> <span class='ocrx_word' id='word_1_36' title='bbox 840 1037 1100 1121; x_wconf 90' lang='lat' dir='ltr'>compareant;</span> <span class='ocrx_word' id='word_1_37' title='bbox 1124 1033 1305 1103; x_wconf 82' lang='lat' dir='ltr'>terminos</span> <span class='ocrx_word' id='word_1_38' title='bbox 1328 1033 1413 1103; x_wconf 92' lang='lat' dir='ltr'>dila·</span> 
     </span>
     <span class='ocr_line' id='line_1_7' title="bbox 180 1140 1414 1231; baseline -0.002 -18"><span class='ocrx_word' id='word_1_39' title='bbox 180 1144 289 1213; x_wconf 89' lang='grc'><strong>110616</strong></span> <span class='ocrx_word' id='word_1_40' title='bbox 308 1143 526 1231; x_wconf 76' lang='lat' dir='ltr'>concedere,</span> <span class='ocrx_word' id='word_1_41' title='bbox 551 1142 697 1230; x_wconf 90' lang='lat' dir='ltr'>quoties</span> <span class='ocrx_word' id='word_1_42' title='bbox 719 1140 983 1210; x_wconf 73' lang='lat' dir='ltr'>rationabiliter</span> <span class='ocrx_word' id='word_1_43' title='bbox 1017 1140 1134 1210; x_wconf 90' lang='lat' dir='ltr'>abiis</span> <span class='ocrx_word' id='word_1_44' title='bbox 1163 1140 1226 1228; x_wconf 93' lang='lat' dir='ltr'>qui</span> <span class='ocrx_word' id='word_1_45' title='bbox 1258 1141 1318 1210; x_wconf 91' lang='lat' dir='ltr'>ius</span> <span class='ocrx_word' id='word_1_46' title='bbox 1352 1141 1414 1210; x_wconf 90' lang='lat' dir='ltr'>ha·</span> 
     </span>
     <span class='ocr_line' id='line_1_8' title="bbox 181 1247 1414 1339; baseline -0.005 -18"><span class='ocrx_word' id='word_1_47' title='bbox 181 1251 270 1321; x_wconf 85' lang='lat' dir='ltr'>bant</span> <span class='ocrx_word' id='word_1_48' title='bbox 292 1255 483 1339; x_wconf 63' lang='lat' dir='ltr'>potantum</span> <span class='ocrx_word' id='word_1_49' title='bbox 508 1250 620 1320; x_wconf 88' lang='grc'><strong>611616</strong></span> <span class='ocrx_word' id='word_1_50' title='bbox 643 1250 790 1319; x_wconf 86' lang='lat' dir='ltr'>decreta</span> <span class='ocrx_word' id='word_1_51' title='bbox 815 1253 849 1318; x_wconf 89' lang='lat' dir='ltr'>et</span> <span class='ocrx_word' id='word_1_52' title='bbox 874 1247 1127 1317; x_wconf 70' lang='lat' dir='ltr'>ordinationes</span> <span class='ocrx_word' id='word_1_53' title='bbox 1151 1266 1219 1335; x_wconf 90' lang='lat' dir='ltr'>pro</span> <span class='ocrx_word' id='word_1_54' title='bbox 1251 1248 1414 1336; x_wconf 89' lang='lat' dir='ltr'>regulari</span> 
     </span>
     <span class='ocr_line' id='line_1_9' title="bbox 178 1356 1414 1444; baseline -0.001 -16"><span class='ocrx_word' id='word_1_55' title='bbox 178 1365 215 1429; x_wconf 92' lang='grc'>61</span> <span class='ocrx_word' id='word_1_56' title='bbox 238 1363 336 1429; x_wconf 86' lang='lat' dir='ltr'>recta</span> <span class='ocrx_word' id='word_1_57' title='bbox 362 1363 531 1428; x_wconf 89' lang='lat' dir='ltr'>actorum</span> <span class='ocrx_word' id='word_1_58' title='bbox 556 1356 827 1444; x_wconf 86' lang='lat' dir='ltr'>compilatione.</span> <span class='ocrx_word' id='word_1_59' title='bbox 848 1358 952 1437; x_wconf 85' lang='lat' dir='ltr'>Quae</span> <span class='ocrx_word' id='word_1_60' title='bbox 975 1356 1103 1425; x_wconf 90' lang='lat' dir='ltr'>omnia</span> <span class='ocrx_word' id='word_1_61' title='bbox 1130 1356 1268 1443; x_wconf 89' lang='lat' dir='ltr'>scripto</span> <span class='ocrx_word' id='word_1_62' title='bbox 1304 1362 1414 1427; x_wconf 90' lang='grc'><strong>61661</strong></span> 
     </span>
     <span class='ocr_line' id='line_1_10' title="bbox 180 1464 1000 1552; baseline -0.009 -15"><span class='ocrx_word' id='word_1_63' title='bbox 180 1465 384 1552; x_wconf 90' lang='lat' dir='ltr'>exaranda,</span> <span class='ocrx_word' id='word_1_64' title='bbox 409 1464 504 1535; x_wconf 91' lang='grc'><strong>6116</strong></span> <span class='ocrx_word' id='word_1_65' title='bbox 528 1466 619 1536; x_wconf 88' lang='grc'><strong>66116</strong></span> <span class='ocrx_word' id='word_1_66' title='bbox 642 1465 734 1552; x_wconf 90' lang='lat' dir='ltr'>ipsis</span> <span class='ocrx_word' id='word_1_67' title='bbox 757 1464 1000 1535; x_wconf 87' lang='lat' dir='ltr'>recensenda.</span> 
     </span>
    </p>

    <p class='ocr_par' dir='ltr' id='par_1_4' title="bbox 179 1565 1414 2623">
     <span class='ocr_line' id='line_1_11' title="bbox 247 1565 1414 1660; baseline -0.003 -17"><span class='ocrx_word' id='word_1_68' title='bbox 247 1575 269 1658; x_wconf 70' lang='lat' dir='ltr'>S</span> <span class='ocrx_word' id='word_1_69' title='bbox 293 1575 345 1643; x_wconf 86' lang='lat' dir='ltr'>to.</span> <span class='ocrx_word' id='word_1_70' title='bbox 371 1570 553 1643; x_wconf 78' lang='lat' dir='ltr'>Defensor</span> <span class='ocrx_word' id='word_1_71' title='bbox 577 1565 799 1643; x_wconf 88' lang='lat' dir='ltr'>matrimonii</span> <span class='ocrx_word' id='word_1_72' title='bbox 824 1577 1028 1660; x_wconf 86' lang='lat' dir='ltr'>antequam</span> <span class='ocrx_word' id='word_1_73' title='bbox 1051 1590 1192 1641; x_wconf 90' lang='lat' dir='ltr'>munus</span> <span class='ocrx_word' id='word_1_74' title='bbox 1216 1570 1285 1641; x_wconf 89' lang='lat' dir='ltr'>sibi</span> <span class='ocrx_word' id='word_1_75' title='bbox 1316 1589 1414 1641; x_wconf 89' lang='lat' dir='ltr'>com·</span> 
     </span>
     <span class='ocr_line' id='line_1_12' title="bbox 180 1678 1412 1767; baseline -0.002 -18"><span class='ocrx_word' id='word_1_76' title='bbox 180 1680 342 1750; x_wconf 89' lang='lat' dir='ltr'>missum</span> <span class='ocrx_word' id='word_1_77' title='bbox 365 1680 552 1767; x_wconf 78' lang='lat' dir='ltr'>suscipiat,</span> <span class='ocrx_word' id='word_1_78' title='bbox 571 1699 701 1750; x_wconf 91' lang='lat' dir='ltr'>coram</span> <span class='ocrx_word' id='word_1_79' title='bbox 718 1685 889 1750; x_wconf 88' lang='lat' dir='ltr'>actorum</span> <span class='ocrx_word' id='word_1_80' title='bbox 907 1679 1143 1750; x_wconf 88' lang='lat' dir='ltr'>moderatore</span> <span class='ocrx_word' id='word_1_81' title='bbox 1158 1678 1412 1748; x_wconf 88' lang='lat' dir='ltr'>iuramentum</span> 
     </span>
     <span class='ocr_line' id='line_1_13' title="bbox 179 1783 1414 1875; baseline -0.002 -21"><span class='ocrx_word' id='word_1_82' title='bbox 179 1787 382 1875; x_wconf 85' lang='lat' dir='ltr'>praestabit</span> <span class='ocrx_word' id='word_1_83' title='bbox 405 1787 509 1857; x_wconf 81' lang='lat' dir='ltr'>tactis</span> <span class='ocrx_word' id='word_1_84' title='bbox 533 1786 679 1857; x_wconf 87' lang='lat' dir='ltr'>Sanctis</span> <span class='ocrx_word' id='word_1_85' title='bbox 701 1785 913 1874; x_wconf 86' lang='lat' dir='ltr'>Evangeliis</span> <span class='ocrx_word' id='word_1_86' title='bbox 936 1785 1245 1854; x_wconf 86' lang='grc'><strong>1161666616660</strong></span> <span class='ocrx_word' id='word_1_87' title='bbox 1267 1783 1414 1873; x_wconf 87' lang='lat' dir='ltr'>diligen·</span> 
     </span>
     <span class='ocr_line' id='line_1_14' title="bbox 181 1892 1413 1981; baseline -0.002 -18"><span class='ocrx_word' id='word_1_88' title='bbox 181 1898 237 1963; x_wconf 87' lang='lat' dir='ltr'>ter</span> <span class='ocrx_word' id='word_1_89' title='bbox 260 1899 297 1963; x_wconf 90' lang='lat' dir='ltr'>et</span> <span class='ocrx_word' id='word_1_90' title='bbox 317 1894 531 1981; x_wconf 84' lang='lat' dir='ltr'>incorrupte</span> <span class='ocrx_word' id='word_1_91' title='bbox 553 1892 804 1980; x_wconf 75' lang='lat' dir='ltr'>adimplendo</span> <span class='ocrx_word' id='word_1_92' title='bbox 829 1893 1023 1980; x_wconf 89' lang='lat' dir='ltr'>spondens</span> <span class='ocrx_word' id='word_1_93' title='bbox 1046 1910 1088 1965; x_wconf 90' lang='lat' dir='ltr'>se</span> <span class='ocrx_word' id='word_1_94' title='bbox 1112 1892 1239 1961; x_wconf 89' lang='lat' dir='ltr'>omnia</span> <span class='ocrx_word' id='word_1_95' title='bbox 1262 1908 1354 1962; x_wconf 89' lang='lat' dir='ltr'>voce</span> <span class='ocrx_word' id='word_1_96' title='bbox 1378 1898 1413 1961; x_wconf 91' lang='lat' dir='ltr'>et</span> 
     </span>
     <span class='ocr_line' id='line_1_15' title="bbox 180 1999 1414 2091; baseline -0.002 -21"><span class='ocrx_word' id='word_1_97' title='bbox 180 2000 318 2087; x_wconf 84' lang='lat' dir='ltr'>scripto</span> <span class='ocrx_word' id='word_1_98' title='bbox 342 1999 592 2091; x_wconf 88' lang='lat' dir='ltr'>deducturum</span> <span class='ocrx_word' id='word_1_99' title='bbox 616 2019 715 2088; x_wconf 90' lang='lat' dir='ltr'>quae</span> <span class='ocrx_word' id='word_1_100' title='bbox 738 1999 787 2069; x_wconf 91' lang='lat' dir='ltr'>ad</span> <span class='ocrx_word' id='word_1_101' title='bbox 811 1999 1037 2070; x_wconf 83' lang='lat' dir='ltr'>validitatem</span> <span class='ocrx_word' id='word_1_102' title='bbox 1062 1999 1286 2068; x_wconf 89' lang='lat' dir='ltr'>matrimonii</span> <span class='ocrx_word' id='word_1_103' title='bbox 1307 1999 1414 2068; x_wconf 90' lang='lat' dir='ltr'>susti·</span> 
     </span>
     <span class='ocr_line' id='line_1_16' title="bbox 180 2103 1414 2177; baseline -0.001 -3"><span class='ocrx_word' id='word_1_104' title='bbox 180 2105 345 2176; x_wconf 84' lang='lat' dir='ltr'>nondam</span> <span class='ocrx_word' id='word_1_105' title='bbox 368 2104 539 2177; x_wconf 81' lang='lat' dir='ltr'>conferre</span> <span class='ocrx_word' id='word_1_106' title='bbox 561 2107 787 2176; x_wconf 89' lang='lat' dir='ltr'>iudicaverit.</span> <span class='ocrx_word' id='word_1_107' title='bbox 824 2105 892 2173; x_wconf 94' lang='lat' dir='ltr'>Hic</span> <span class='ocrx_word' id='word_1_108' title='bbox 923 2105 1147 2175; x_wconf 88' lang='lat' dir='ltr'>matrimonii</span> <span class='ocrx_word' id='word_1_109' title='bbox 1180 2103 1354 2177; x_wconf 86' lang='lat' dir='ltr'>defensor</span> <span class='ocrx_word' id='word_1_110' title='bbox 1389 2124 1414 2173; x_wconf 92' lang='lat' dir='ltr'>a</span> 
     </span>
     <span class='ocr_line' id='line_1_17' title="bbox 180 2211 1414 2301; baseline 0.001 -20"><span class='ocrx_word' id='word_1_111' title='bbox 180 2212 417 2283; x_wconf 87' lang='lat' dir='ltr'>moderatore</span> <span class='ocrx_word' id='word_1_112' title='bbox 440 2226 610 2283; x_wconf 88' lang='lat' dir='ltr'>actorum</span> <span class='ocrx_word' id='word_1_113' title='bbox 630 2214 803 2283; x_wconf 88' lang='lat' dir='ltr'>citandus</span> <span class='ocrx_word' id='word_1_114' title='bbox 826 2213 895 2283; x_wconf 91' lang='lat' dir='ltr'>erit</span> <span class='ocrx_word' id='word_1_115' title='bbox 917 2213 964 2283; x_wconf 91' lang='lat' dir='ltr'>ad</span> <span class='ocrx_word' id='word_1_116' title='bbox 990 2211 1176 2301; x_wconf 87' lang='lat' dir='ltr'>quaelibet</span> <span class='ocrx_word' id='word_1_117' title='bbox 1190 2219 1282 2298; x_wconf 89' lang='lat' dir='ltr'>acta,</span> <span class='ocrx_word' id='word_1_118' title='bbox 1301 2232 1348 2282; x_wconf 92' lang='grc'>66</span> <span class='ocrx_word' id='word_1_119' title='bbox 1366 2214 1414 2282; x_wconf 91' lang='lat' dir='ltr'>vi·</span> 
     </span>
     <span class='ocr_line' id='line_1_18' title="bbox 180 2319 1412 2409; baseline 0.002 -21"><span class='ocrx_word' id='word_1_120' title='bbox 180 2319 230 2389; x_wconf 90' lang='lat' dir='ltr'>tio</span> <span class='ocrx_word' id='word_1_121' title='bbox 252 2320 427 2392; x_wconf 87' lang='grc'><strong>6611116116</strong></span> <span class='ocrx_word' id='word_1_122' title='bbox 449 2321 662 2407; x_wconf 88' lang='lat' dir='ltr'>concidant;</span> <span class='ocrx_word' id='word_1_123' title='bbox 687 2321 810 2391; x_wconf 90' lang='lat' dir='ltr'>eidem</span> <span class='ocrx_word' id='word_1_124' title='bbox 836 2338 989 2408; x_wconf 88' lang='lat' dir='ltr'>semper</span> <span class='ocrx_word' id='word_1_125' title='bbox 1023 2327 1060 2389; x_wconf 89' lang='lat' dir='ltr'>et</span> <span class='ocrx_word' id='word_1_126' title='bbox 1092 2320 1412 2409; x_wconf 86' lang='lat' dir='ltr'>quandocumque</span> 
     </span>
     <span class='ocr_line' id='line_1_19' title="bbox 180 2428 1411 2515; baseline 0.001 -18"><span class='ocrx_word' id='word_1_127' title='bbox 180 2432 259 2497; x_wconf 89' lang='lat' dir='ltr'>acta</span> <span class='ocrx_word' id='word_1_128' title='bbox 278 2444 489 2514; x_wconf 85' lang='lat' dir='ltr'>processus,</span> <span class='ocrx_word' id='word_1_129' title='bbox 502 2428 570 2498; x_wconf 88' lang='lat' dir='ltr'>etsi</span> <span class='ocrx_word' id='word_1_130' title='bbox 583 2428 752 2497; x_wconf 91' lang='lat' dir='ltr'>nondum</span> <span class='ocrx_word' id='word_1_131' title='bbox 770 2428 953 2515; x_wconf 89' lang='lat' dir='ltr'>publicati,</span> <span class='ocrx_word' id='word_1_132' title='bbox 965 2436 1076 2498; x_wconf 87' lang='lat' dir='ltr'>erunt</span> <span class='ocrx_word' id='word_1_133' title='bbox 1086 2428 1411 2515; x_wconf 89' lang='lat' dir='ltr'>communicanda,</span> 
     </span>
     <span class='ocr_line' id='line_1_20' title="bbox 180 2534 1413 2623; baseline 0.003 -21"><span class='ocrx_word' id='word_1_134' title='bbox 180 2552 333 2621; x_wconf 88' lang='lat' dir='ltr'>semper</span> <span class='ocrx_word' id='word_1_135' title='bbox 356 2540 392 2605; x_wconf 91' lang='grc'>61</span> <span class='ocrx_word' id='word_1_136' title='bbox 414 2534 732 2623; x_wconf 84' lang='lat' dir='ltr'>quandocumque</span> <span class='ocrx_word' id='word_1_137' title='bbox 756 2535 837 2604; x_wconf 88' lang='lat' dir='ltr'>eius</span> <span class='ocrx_word' id='word_1_138' title='bbox 858 2535 998 2623; x_wconf 88' lang='lat' dir='ltr'>scripta</span> <span class='ocrx_word' id='word_1_139' title='bbox 1032 2536 1265 2622; x_wconf 89' lang='lat' dir='ltr'>recipienda,</span> <span class='ocrx_word' id='word_1_140' title='bbox 1300 2540 1413 2623; x_wconf 90' lang='lat' dir='ltr'>atque</span> 
     </span>
    </p>
   </div>
   <div class='ocr_carea' id='block_1_3' title="bbox 180 2640 1414 3268">
    <p class='ocr_par' dir='ltr' id='par_1_5' title="bbox 180 2640 1414 2839">
     <span class='ocr_line' id='line_1_21' title="bbox 181 2640 1414 2732; baseline 0.001 -22"><span class='ocrx_word' id='word_1_141' title='bbox 181 2643 267 2711; x_wconf 91' lang='lat' dir='ltr'>novi</span> <span class='ocrx_word' id='word_1_142' title='bbox 292 2643 448 2730; x_wconf 87' lang='lat' dir='ltr'>termini,</span> <span class='ocrx_word' id='word_1_143' title='bbox 472 2661 518 2712; x_wconf 93' lang='grc'>60</span> <span class='ocrx_word' id='word_1_144' title='bbox 540 2640 738 2732; x_wconf 82' lang='lat' dir='ltr'>flagitante,</span> <span class='ocrx_word' id='word_1_145' title='bbox 763 2643 1001 2732; x_wconf 82' lang='lat' dir='ltr'>prorogandi,</span> <span class='ocrx_word' id='word_1_146' title='bbox 1027 2647 1066 2712; x_wconf 89' lang='lat' dir='ltr'>ut</span> <span class='ocrx_word' id='word_1_147' title='bbox 1088 2662 1132 2715; x_wconf 89' lang='lat' dir='ltr'>ea</span> <span class='ocrx_word' id='word_1_148' title='bbox 1167 2644 1303 2730; x_wconf 89' lang='lat' dir='ltr'>scripta</span> <span class='ocrx_word' id='word_1_149' title='bbox 1334 2662 1414 2730; x_wconf 91' lang='lat' dir='ltr'>per-</span> 
     </span>
     <span class='ocr_line' id='line_1_22' title="bbox 180 2749 1139 2839; baseline 0.001 -20"><span class='ocrx_word' id='word_1_150' title='bbox 180 2749 279 2821; x_wconf 83' lang='lat' dir='ltr'>ficiat</span> <span class='ocrx_word' id='word_1_151' title='bbox 302 2756 414 2839; x_wconf 87' lang='lat' dir='ltr'>atque</span> <span class='ocrx_word' id='word_1_152' title='bbox 436 2750 621 2820; x_wconf 89' lang='lat' dir='ltr'>exhibeat.</span> <span class='ocrx_word' id='word_1_153' title='bbox 1135 2800 1139 2808; x_wconf 75' lang='lat'>·</span> 
     </span>
    </p>

    <p class='ocr_par' dir='ltr' id='par_1_6' title="bbox 181 2856 1413 3268">
     <span class='ocr_line' id='line_1_23' title="bbox 247 2856 1412 2945; baseline 0 -20"><span class='ocrx_word' id='word_1_154' title='bbox 247 2859 269 2940; x_wconf 68' lang='grc' dir='ltr'><strong>ἓ</strong></span> <span class='ocrx_word' id='word_1_155' title='bbox 293 2858 345 2925; x_wconf 93' lang='grc'>11.</span> <span class='ocrx_word' id='word_1_156' title='bbox 372 2858 480 2945; x_wconf 84' lang='lat' dir='ltr'>Quod</span> <span class='ocrx_word' id='word_1_157' title='bbox 503 2857 534 2927; x_wconf 88' lang='lat' dir='ltr'>si</span> <span class='ocrx_word' id='word_1_158' title='bbox 558 2858 607 2925; x_wconf 88' lang='lat' dir='ltr'>ob</span> <span class='ocrx_word' id='word_1_159' title='bbox 632 2856 840 2944; x_wconf 88' lang='lat' dir='ltr'>peculiares</span> <span class='ocrx_word' id='word_1_160' title='bbox 863 2857 1163 2927; x_wconf 87' lang='lat' dir='ltr'>circumstantias</span> <span class='ocrx_word' id='word_1_161' title='bbox 1188 2857 1412 2926; x_wconf 88' lang='lat' dir='ltr'>matrimonii</span> 
     </span>
     <span class='ocr_line' id='line_1_24' title="bbox 181 2962 1413 3055; baseline 0.002 -22"><span class='ocrx_word' id='word_1_162' title='bbox 181 2962 355 3035; x_wconf 90' lang='lat' dir='ltr'>delensor</span> <span class='ocrx_word' id='word_1_163' title='bbox 378 2965 534 3055; x_wconf 91' lang='lat' dir='ltr'>singulis</span> <span class='ocrx_word' id='word_1_164' title='bbox 557 2966 648 3035; x_wconf 85' lang='lat' dir='ltr'>actis</span> <span class='ocrx_word' id='word_1_165' title='bbox 672 2965 853 3035; x_wconf 88' lang='lat' dir='ltr'>iuteresse</span> <span class='ocrx_word' id='word_1_166' title='bbox 876 2965 1093 3053; x_wconf 83' lang='lat' dir='ltr'>nequiverit,</span> <span class='ocrx_word' id='word_1_167' title='bbox 1124 2965 1297 3035; x_wconf 86' lang='lat' dir='ltr'>absoluto</span> <span class='ocrx_word' id='word_1_168' title='bbox 1331 2985 1413 3053; x_wconf 84' lang='lat' dir='ltr'>pro</span> 
     </span>
     <span class='ocr_line' id='line_1_25' title="bbox 181 3072 1413 3161; baseline 0 -18"><span class='ocrx_word' id='word_1_169' title='bbox 181 3091 292 3143; x_wconf 83' lang='lat' dir='ltr'>cassu</span> <span class='ocrx_word' id='word_1_170' title='bbox 316 3073 447 3143; x_wconf 90' lang='lat' dir='ltr'>eadem</span> <span class='ocrx_word' id='word_1_171' title='bbox 473 3074 542 3160; x_wconf 90' lang='lat' dir='ltr'>ipsi</span> <span class='ocrx_word' id='word_1_172' title='bbox 566 3072 770 3159; x_wconf 87' lang='lat' dir='ltr'>tradantur,</span> <span class='ocrx_word' id='word_1_173' title='bbox 796 3079 837 3142; x_wconf 88' lang='lat' dir='ltr'>ut</span> <span class='ocrx_word' id='word_1_174' title='bbox 859 3092 925 3143; x_wconf 89' lang='lat' dir='ltr'>eas</span> <span class='ocrx_word' id='word_1_175' title='bbox 941 3091 1101 3143; x_wconf 89' lang='lat' dir='ltr'>exarare</span> <span class='ocrx_word' id='word_1_176' title='bbox 1117 3078 1230 3161; x_wconf 87' lang='lat' dir='ltr'>queat</span> <span class='ocrx_word' id='word_1_177' title='bbox 1249 3073 1413 3143; x_wconf 91' lang='lat' dir='ltr'>animad-</span> 
     </span>
     <span class='ocr_line' id='line_1_26' title="bbox 182 3179 1412 3268; baseline 0.003 -22"><span class='ocrx_word' id='word_1_178' title='bbox 182 3181 376 3251; x_wconf 89' lang='lat' dir='ltr'>versiones</span> <span class='ocrx_word' id='word_1_179' title='bbox 399 3199 495 3268; x_wconf 93' lang='lat' dir='ltr'>quas</span> <span class='ocrx_word' id='word_1_180' title='bbox 518 3179 682 3249; x_wconf 88' lang='lat' dir='ltr'>tuendae</span> <span class='ocrx_word' id='word_1_181' title='bbox 709 3179 932 3249; x_wconf 90' lang='lat' dir='ltr'>matrimonii</span> <span class='ocrx_word' id='word_1_182' title='bbox 970 3179 1142 3252; x_wconf 88' lang='lat' dir='ltr'>validitati</span> <span class='ocrx_word' id='word_1_183' title='bbox 1179 3182 1412 3251; x_wconf 86' lang='lat' dir='ltr'>necessarias</span> 
     </span>
    </p>
   </div>
   <div class='ocr_carea' id='block_1_4' title="bbox 108 3285 1490 4665">
    <p class='ocr_par' dir='ltr' id='par_1_7' title="bbox 108 3285 1490 3698">
     <span class='ocr_line' id='line_1_27' title="bbox 180 3285 1413 3375; baseline 0.001 -21"><span class='ocrx_word' id='word_1_184' title='bbox 180 3286 410 3375; x_wconf 82' lang='lat' dir='ltr'>iudicaverit3</span> <span class='ocrx_word' id='word_1_185' title='bbox 434 3288 466 3357; x_wconf 92' lang='lat' dir='ltr'>si</span> <span class='ocrx_word' id='word_1_186' title='bbox 489 3286 560 3356; x_wconf 91' lang='lat' dir='ltr'>alia</span> <span class='ocrx_word' id='word_1_187' title='bbox 585 3291 665 3355; x_wconf 89' lang='lat' dir='ltr'>acta</span> <span class='ocrx_word' id='word_1_188' title='bbox 690 3286 938 3373; x_wconf 77' lang='lat' dir='ltr'>suggesserit,</span> <span class='ocrx_word' id='word_1_189' title='bbox 964 3287 1056 3356; x_wconf 87' lang='lat' dir='ltr'>haec</span> <span class='ocrx_word' id='word_1_190' title='bbox 1079 3285 1312 3357; x_wconf 83' lang='lat' dir='ltr'>conficienda</span> <span class='ocrx_word' id='word_1_191' title='bbox 1337 3306 1413 3355; x_wconf 92' lang='lat' dir='ltr'>om·</span> 
     </span>
     <span class='ocr_line' id='line_1_28' title="bbox 180 3390 1412 3481; baseline 0.002 -17"><span class='ocrx_word' id='word_1_192' title='bbox 180 3396 268 3464; x_wconf 91' lang='lat' dir='ltr'>nino</span> <span class='ocrx_word' id='word_1_193' title='bbox 292 3400 416 3481; x_wconf 77' lang='lat' dir='ltr'>erunt,</span> <span class='ocrx_word' id='word_1_194' title='bbox 441 3392 472 3463; x_wconf 88' lang='lat' dir='ltr'>si</span> <span class='ocrx_word' id='word_1_195' title='bbox 496 3412 546 3462; x_wconf 91' lang='lat' dir='ltr'>ex</span> <span class='ocrx_word' id='word_1_196' title='bbox 568 3393 645 3464; x_wconf 89' lang='lat' dir='ltr'>iarn</span> <span class='ocrx_word' id='word_1_197' title='bbox 668 3390 844 3462; x_wconf 88' lang='lat' dir='ltr'>confectis</span> <span class='ocrx_word' id='word_1_198' title='bbox 865 3393 1155 3479; x_wconf 81' lang='lat' dir='ltr'>deprehenderit</span> <span class='ocrx_word' id='word_1_199' title='bbox 1169 3395 1262 3464; x_wconf 90' lang='lat' dir='ltr'>alias</span> <span class='ocrx_word' id='word_1_200' title='bbox 1277 3395 1412 3467; x_wconf 88' lang='lat' dir='ltr'>adesse</span> 
     </span>
     <span class='ocr_line' id='line_1_29' title="bbox 108 3482 1490 3592; baseline -0.001 -19"><span class='ocrx_word' id='word_1_201' title='bbox 108 3492 110 3495; x_wconf 64' lang='grc'><strong>’</strong></span> <span class='ocrx_word' id='word_1_202' title='bbox 179 3522 364 3592; x_wconf 89' lang='lat' dir='ltr'>personas</span> <span class='ocrx_word' id='word_1_203' title='bbox 387 3501 598 3572; x_wconf 85' lang='lat' dir='ltr'>testimonio</span> <span class='ocrx_word' id='word_1_204' title='bbox 624 3498 777 3569; x_wconf 81' lang='lat' dir='ltr'>terendo</span> <span class='ocrx_word' id='word_1_205' title='bbox 801 3499 956 3569; x_wconf 89' lang='lat' dir='ltr'>idoneas</span> <span class='ocrx_word' id='word_1_206' title='bbox 983 3506 1018 3569; x_wconf 91' lang='lat' dir='ltr'>et</span> <span class='ocrx_word' id='word_1_207' title='bbox 1053 3508 1286 3588; x_wconf 91' lang='lat' dir='ltr'>opportunas</span> <span class='ocrx_word' id='word_1_208' title='bbox 1320 3521 1412 3572; x_wconf 92' lang='lat' dir='ltr'>non·</span> <span class='ocrx_word' id='word_1_209' title='bbox 1480 3482 1490 3503; x_wconf 69' lang='lat'><strong>⁹</strong></span> 
     </span>
     <span class='ocr_line' id='line_1_30' title="bbox 180 3605 1315 3698; baseline -0.002 -19"><span class='ocrx_word' id='word_1_210' title='bbox 180 3612 272 3682; x_wconf 92' lang='lat' dir='ltr'>dum</span> <span class='ocrx_word' id='word_1_211' title='bbox 297 3610 541 3694; x_wconf 79' lang='lat' dir='ltr'>examinatae,</span> <span class='ocrx_word' id='word_1_212' title='bbox 566 3610 637 3678; x_wconf 89' lang='grc'><strong>1166</strong></span> <span class='ocrx_word' id='word_1_213' title='bbox 660 3608 824 3678; x_wconf 81' lang='lat' dir='ltr'>examini</span> <span class='ocrx_word' id='word_1_214' title='bbox 846 3605 1099 3679; x_wconf 77' lang='lat' dir='ltr'>subiciendas</span> <span class='ocrx_word' id='word_1_215' title='bbox 1123 3617 1315 3698; x_wconf 89' lang='lat' dir='ltr'>proponet.</span> 
     </span>
    </p>

    <p class='ocr_par' dir='ltr' id='par_1_8' title="bbox 179 3715 1415 4559">
     <span class='ocr_line' id='line_1_31' title="bbox 246 3715 1413 3804; baseline -0.002 -16"><span class='ocrx_word' id='word_1_216' title='bbox 246 3722 269 3804; x_wconf 63' lang='grc' dir='ltr'><strong>ἓ</strong></span> <span class='ocrx_word' id='word_1_217' title='bbox 293 3722 346 3788; x_wconf 80' lang='grc'>12.</span> <span class='ocrx_word' id='word_1_218' title='bbox 370 3719 573 3790; x_wconf 86' lang='lat' dir='ltr'>Constituto</span> <span class='ocrx_word' id='word_1_219' title='bbox 596 3715 779 3803; x_wconf 90' lang='lat' dir='ltr'>tribunali,</span> <span class='ocrx_word' id='word_1_220' title='bbox 798 3717 891 3786; x_wconf 87' lang='lat' dir='ltr'>haec</span> <span class='ocrx_word' id='word_1_221' title='bbox 906 3718 1078 3786; x_wconf 85' lang='lat' dir='ltr'>actorum</span> <span class='ocrx_word' id='word_1_222' title='bbox 1091 3715 1413 3787; x_wconf 87' lang='lat' dir='ltr'>conficiendorum</span> 
     </span>
     <span class='ocr_line' id='line_1_32' title="bbox 181 3824 1411 3912; baseline -0.004 -13"><span class='ocrx_word' id='word_1_223' title='bbox 181 3830 273 3899; x_wconf 91' lang='grc'><strong>16110</strong></span> <span class='ocrx_word' id='word_1_224' title='bbox 296 3829 458 3898; x_wconf 87' lang='lat' dir='ltr'>tenenda</span> <span class='ocrx_word' id='word_1_225' title='bbox 480 3827 556 3897; x_wconf 90' lang='grc'><strong>6111.</strong></span> <span class='ocrx_word' id='word_1_226' title='bbox 592 3825 651 3895; x_wconf 80' lang='lat' dir='ltr'>Ab</span> <span class='ocrx_word' id='word_1_227' title='bbox 685 3825 864 3895; x_wconf 89' lang='lat' dir='ltr'>omnibus</span> <span class='ocrx_word' id='word_1_228' title='bbox 899 3830 934 3893; x_wconf 91' lang='grc'>61</span> <span class='ocrx_word' id='word_1_229' title='bbox 966 3824 1124 3912; x_wconf 91' lang='lat' dir='ltr'>singulis</span> <span class='ocrx_word' id='word_1_230' title='bbox 1158 3826 1411 3896; x_wconf 88' lang='lat' dir='ltr'>testimonium</span> 
     </span>
     <span class='ocr_line' id='line_1_33' title="bbox 180 3933 1415 4005; baseline -0.002 -1"><span class='ocrx_word' id='word_1_231' title='bbox 180 3935 333 4005; x_wconf 88' lang='lat' dir='ltr'>dicturis</span> <span class='ocrx_word' id='word_1_232' title='bbox 356 3933 572 4003; x_wconf 88' lang='lat' dir='ltr'>moderator</span> <span class='ocrx_word' id='word_1_233' title='bbox 595 3937 768 4003; x_wconf 90' lang='lat' dir='ltr'>actorum</span> <span class='ocrx_word' id='word_1_234' title='bbox 791 3937 878 4003; x_wconf 89' lang='lat' dir='ltr'>ante</span> <span class='ocrx_word' id='word_1_235' title='bbox 901 3933 1027 4001; x_wconf 88' lang='lat' dir='ltr'>omnia</span> <span class='ocrx_word' id='word_1_236' title='bbox 1063 3933 1317 4004; x_wconf 85' lang='lat' dir='ltr'>iuramentum</span> <span class='ocrx_word' id='word_1_237' title='bbox 1340 3934 1415 4003; x_wconf 88' lang='lat' dir='ltr'>exi·</span> 
     </span>
     <span class='ocr_line' id='line_1_34' title="bbox 181 4039 1414 4133; baseline 0 -22"><span class='ocrx_word' id='word_1_238' title='bbox 181 4048 241 4133; x_wconf 91' lang='lat' dir='ltr'>get</span> <span class='ocrx_word' id='word_1_239' title='bbox 264 4043 312 4112; x_wconf 94' lang='lat' dir='ltr'>de</span> <span class='ocrx_word' id='word_1_240' title='bbox 335 4042 487 4112; x_wconf 86' lang='lat' dir='ltr'>veritate</span> <span class='ocrx_word' id='word_1_241' title='bbox 510 4040 677 4128; x_wconf 90' lang='lat' dir='ltr'>dicenda,</span> <span class='ocrx_word' id='word_1_242' title='bbox 702 4041 793 4111; x_wconf 89' lang='grc'><strong>6161</strong></span> <span class='ocrx_word' id='word_1_243' title='bbox 816 4042 865 4112; x_wconf 87' lang='grc'>116</span> <span class='ocrx_word' id='word_1_244' title='bbox 889 4060 951 4111; x_wconf 87' lang='lat' dir='ltr'>res</span> <span class='ocrx_word' id='word_1_245' title='bbox 973 4040 1146 4129; x_wconf 84' lang='lat' dir='ltr'>postulet,</span> <span class='ocrx_word' id='word_1_246' title='bbox 1171 4041 1282 4111; x_wconf 87' lang='lat' dir='ltr'>etiam</span> <span class='ocrx_word' id='word_1_247' title='bbox 1299 4039 1414 4111; x_wconf 87' lang='lat' dir='ltr'>dese·</span> 
     </span>
     <span class='ocr_line' id='line_1_35' title="bbox 179 4148 1414 4237; baseline -0.001 -18"><span class='ocrx_word' id='word_1_248' title='bbox 179 4155 280 4219; x_wconf 88' lang='lat' dir='ltr'>creto</span> <span class='ocrx_word' id='word_1_249' title='bbox 304 4148 504 4237; x_wconf 86' lang='lat' dir='ltr'>servando,</span> <span class='ocrx_word' id='word_1_250' title='bbox 522 4149 730 4236; x_wconf 90' lang='lat' dir='ltr'>praemissa</span> <span class='ocrx_word' id='word_1_251' title='bbox 748 4166 916 4237; x_wconf 87' lang='lat' dir='ltr'>congrua</span> <span class='ocrx_word' id='word_1_252' title='bbox 935 4148 1136 4218; x_wconf 89' lang='lat' dir='ltr'>monitione</span> <span class='ocrx_word' id='word_1_253' title='bbox 1151 4148 1199 4217; x_wconf 91' lang='lat' dir='ltr'>de</span> <span class='ocrx_word' id='word_1_254' title='bbox 1214 4148 1414 4218; x_wconf 90' lang='lat' dir='ltr'>iuramenti</span> 
     </span>
     <span class='ocr_line' id='line_1_36' title="bbox 179 4252 1411 4343; baseline -0.005 -17"><span class='ocrx_word' id='word_1_255' title='bbox 179 4257 380 4342; x_wconf 86' lang='lat' dir='ltr'>sanctitate,</span> <span class='ocrx_word' id='word_1_256' title='bbox 405 4255 628 4343; x_wconf 90' lang='lat' dir='ltr'>praesertim</span> <span class='ocrx_word' id='word_1_257' title='bbox 652 4256 683 4324; x_wconf 91' lang='grc'>61</span> <span class='ocrx_word' id='word_1_258' title='bbox 707 4252 950 4325; x_wconf 90' lang='lat' dir='ltr'>examinandi</span> <span class='ocrx_word' id='word_1_259' title='bbox 975 4254 1089 4324; x_wconf 90' lang='lat' dir='ltr'>rudes</span> <span class='ocrx_word' id='word_1_260' title='bbox 1115 4256 1249 4325; x_wconf 89' lang='grc'><strong>616161</strong></span> <span class='ocrx_word' id='word_1_261' title='bbox 1283 4255 1411 4343; x_wconf 87' lang='lat' dir='ltr'>ignari.</span> 
     </span>
     <span class='ocr_line' id='line_1_37' title="bbox 181 4361 1414 4451; baseline 0.001 -19"><span class='ocrx_word' id='word_1_262' title='bbox 181 4364 436 4433; x_wconf 82' lang='lat' dir='ltr'>loramentum</span> <span class='ocrx_word' id='word_1_263' title='bbox 461 4363 733 4450; x_wconf 90' lang='lat' dir='ltr'>praestandum</span> <span class='ocrx_word' id='word_1_264' title='bbox 751 4363 819 4432; x_wconf 90' lang='lat' dir='ltr'>erit</span> <span class='ocrx_word' id='word_1_265' title='bbox 834 4363 938 4433; x_wconf 89' lang='lat' dir='ltr'>tactis</span> <span class='ocrx_word' id='word_1_266' title='bbox 954 4362 1101 4433; x_wconf 89' lang='lat' dir='ltr'>Sanctis</span> <span class='ocrx_word' id='word_1_267' title='bbox 1124 4361 1345 4451; x_wconf 90' lang='lat' dir='ltr'>Evangeliis,</span> <span class='ocrx_word' id='word_1_268' title='bbox 1377 4369 1414 4433; x_wconf 91' lang='lat' dir='ltr'>et</span> 
     </span>
     <span class='ocr_line' id='line_1_38' title="bbox 181 4468 1241 4559; baseline 0 -21"><span class='ocrx_word' id='word_1_269' title='bbox 181 4470 218 4538; x_wconf 94' lang='lat' dir='ltr'>in</span> <span class='ocrx_word' id='word_1_270' title='bbox 241 4470 399 4559; x_wconf 90' lang='lat' dir='ltr'>singulis</span> <span class='ocrx_word' id='word_1_271' title='bbox 422 4468 661 4539; x_wconf 86' lang='lat' dir='ltr'>examinibus</span> <span class='ocrx_word' id='word_1_272' title='bbox 686 4471 819 4555; x_wconf 81' lang='lat' dir='ltr'>eodem</span> <span class='ocrx_word' id='word_1_273' title='bbox 845 4469 958 4540; x_wconf 91' lang='lat' dir='ltr'>modo</span> <span class='ocrx_word' id='word_1_274' title='bbox 984 4470 1241 4557; x_wconf 88' lang='lat' dir='ltr'>repetendum.</span> 
     </span>
    </p>

    <p class='ocr_par' dir='ltr' id='par_1_9' title="bbox 246 4576 1413 4665">
     <span class='ocr_line' id='line_1_39' title="bbox 246 4576 1413 4665; baseline 0.001 -21"><span class='ocrx_word' id='word_1_275' title='bbox 246 4577 348 4660; x_wconf 79' lang='lat' dir='ltr'>§ta</span> <span class='ocrx_word' id='word_1_276' title='bbox 372 4576 440 4658; x_wconf 87' lang='lat' dir='ltr'>Qui</span> <span class='ocrx_word' id='word_1_277' title='bbox 464 4576 629 4646; x_wconf 89' lang='lat' dir='ltr'>examini</span> <span class='ocrx_word' id='word_1_278' title='bbox 663 4578 880 4649; x_wconf 88' lang='lat' dir='ltr'>subiiciendi</span> <span class='ocrx_word' id='word_1_279' title='bbox 916 4582 1014 4665; x_wconf 81' lang='lat' dir='ltr'>sunt,</span> <span class='ocrx_word' id='word_1_280' title='bbox 1049 4596 1226 4648; x_wconf 89' lang='lat' dir='ltr'>seorsum</span> <span class='ocrx_word' id='word_1_281' title='bbox 1259 4596 1413 4665; x_wconf 88' lang='lat' dir='ltr'>semper</span> 
     </span>
    </p>
   </div>
   <div class='ocr_carea' id='block_1_5' title="bbox 0 0 1760 5317">
    <p class='ocr_par' dir='ltr' id='par_1_10' title="bbox 0 0 1760 5317">
     <span class='ocr_line' id='line_1_40' title="bbox 0 0 1760 5317; baseline 0 0"><span class='ocrx_word' id='word_1_282' title='bbox 0 0 1760 5317; x_wconf 95' lang='lat' dir='ltr'> </span> 
     </span>
    </p>
   </div>
  </div>
 </body>
</html>
