3509 5317
1783 509 2142 570 -410-

1875 737 2057 804 VIII.

1374 886 1707 972 Sum-ennae
1755 887 1992 955 Sacrae
2040 886 2550 971 congregationis

1076 988 1400 1055 instructio
1445 986 1517 1054 ad
1563 986 1929 1070 probandum
1976 986 2197 1053 obitum
2244 984 2500 1053 alicuius
2546 985 2847 1070 coniugia.

866 1179 1310 1250 Matrimonii
1361 1178 1657 1247 vinculo
1707 1177 1902 1247 duos
1950 1177 2471 1246 tantummodo
2521 1198 2558 1240 «
2590 1177 2881 1246 Christo
2932 1177 3024 1247 ita
3077 1179 3209 1247 do-

737 1294 966 1373 cente,
1016 1286 1349 1375 copulari
1395 1292 1467 1355 et
1519 1284 1867 1372 coniungi
1928 1302 2173 1370 posse,
2223 1283 2575 1353 alterutro
2632 1302 2811 1352 vero
2878 1285 3209 1373 coniuge

737 1398 874 1467 vita
922 1394 1196 1478 functo,
1246 1393 1642 1478 secundaS,
1694 1393 1844 1460 imo
1893 1397 1965 1460 et
2015 1390 2399 1480 ulteriores
2432 1392 2729 1478 nuptias
2763 1391 3000 1460 licitas
3033 1411 3210 1461 esse

733 1503 1146 1592 dogmatica
1199 1501 1574 1570 Ecclesiae
1621 1499 2028 1569 catholicae
2073 1497 2404 1568 doctrina
2456 1505 2654 1568 est».

864 1612 1148 1679 Verum
1201 1608 1293 1677 ad
1342 1606 1720 1677 secundas
1769 1612 1840 1674 et
1889 1605 2277 1675 ulteriores
2327 1607 2623 1694 nuptias
2670 1607 2875 1694 quod
2950 1607 3209 1677 attinet

733 1735 904 1782 cum
957 1717 1052 1784 de
1101 1735 1180 1784 re
1226 1720 1513 1803 agatur,
1562 1732 1759 1800 quae
1806 1710 2360 1782 difficultatibus
2406 1732 2496 1782 ac
2541 1711 2934 1784 fraudibus
2996 1714 3204 1783 haud

737 1843 903 1894 raro
951 1828 1064 1892 est
1109 1823 1456 1908 obnoxia,
1508 1821 1678 1889 hinc
1726 1827 1983 1889 sancta
2034 1819 2270 1890 Sedes
2315 1820 2581 1891 sedulo
2628 1821 2921 1889 curavit
2972 1821 3206 1889 modo

729 1931 1387 2002 Constitutionibus
1433 1928 1930 2018 generalibus
1981 1928 2286 2015 saepius
2332 1933 2583 1997 autem
2660 1928 3053 2015 responsis
3124 1928 3200 1996 in

737 2039 1037 2108 misibus
1084 2038 1654 2126 particularibus
1700 2034 1926 2119 datis,
1982 2041 2058 2103 ut
2109 2035 2403 2105 libertas
2459 2054 2699 2105 novas
2754 2037 3058 2123 nuptias
3103 2038 3206 2105 in-

733 2145 956 2214 eundi
990 2145 1082 2214 ita
1117 2145 1388 2232 cuique
1436 2143 1646 2213 salva
1696 2148 1917 2227 esset,
1947 2148 2027 2211 ut
2059 2143 2435 2230 praedicta
2471 2142 2913 2212 matrimonii
2954 2146 3204 2213 unitas

737 2254 805 2318 in
854 2253 1253 2321 discrimen
1302 2271 1451 2321 non
1501 2250 2023 2321 adduceretur.

869 2361 1048 2429 Inde
1094 2361 1484 2429 constituta
1537 2377 1931 2428 sacrorum
1980 2357 2419 2440 Canonum,
2491 2348 2805 2445 quibuS,
2882 2365 2962 2427 ut
3030 2359 3205 2446 quis

737 2470 963 2558 possit
1016 2469 1199 2536 licite
1247 2468 1339 2537 ad
1391 2468 1529 2536 alia
1584 2473 1747 2536 vota
1803 2467 2141 2549 transire,
2190 2466 2508 2553 exigitur
2554 2465 2754 2552 quod
2807 2466 2901 2536 de
2960 2475 3204 2537 morte

733 2581 1070 2668 coniugis
1118 2586 1318 2649 certo
1365 2584 1670 2663 constet,
1724 2585 1805 2647 ut
1850 2597 2011 2665 cap.
2066 2576 2458 2663 Dominus,
2509 2567 2626 2646 de⁸
2662 2577 3009 2648 secandis
3074 2598 3208 2647 nu-

729 2685 930 2778 ptiis,
990 2686 1101 2755 vel
1151 2685 1351 2773 quod
1402 2686 1496 2755 de
1542 2687 1703 2774 ipsa
1756 2695 1995 2755 morte
2044 2686 2441 2772 recipiatur
2485 2689 2774 2754 certam
2807 2685 3197 2772 nunciam,

737 2795 834 2862 uti
883 2812 1043 2880 cap.
1091 2790 1166 2860 in
1207 2791 1677 2882 praesentia,
1730 2791 1825 2861 de
1857 2789 2329 2882 sponsalibus
2361 2797 2435 2859 et
2463 2788 2985 2861 matrimoniis,
3022 2792 3205 2861 Inde

737 2900 952 2970 etiam
1006 2918 1098 2968 ea
1143 2919 1340 2986 quae
1371 2901 1846 2987 explanatius
1878 2899 2278 2969 traduntur
2311 2900 2378 2966 in
2418 2899 2906 2968 Instructione
2943 2921 2982 2963 ‹
3019 2900 3202 2968 Cum

733 3005 924 3074 fsiias
958 3029 995 3070 »
1044 3009 1128 3076 21
1180 3006 1486 3092 augusti
1531 3009 1707 3077 1670
1754 3028 1793 3076 a
1848 3006 2223 3076 Clemente
2269 3007 2343 3074 X
2391 3007 2695 3091 sancita,
2745 3017 2817 3075 et
2858 3008 2928 3074 in
2964 3008 3207 3077 Bulla-

737 3114 840 3182 νὴ)
892 3131 1207 3183 romano
1238 3115 1507 3184 inserta
1545 3133 1779 3201 super
1811 3115 2161 3185 examine
2194 3115 2487 3183 testium
2526 3133 2660 3202 pro
2704 3115 3201 3184 matrimoniis

733 3220 1260 3289 contrahendis
1309 3223 1377 3288 in
1428 3222 1645 3292 Curia
1694 3223 1858 3290 Emi
1908 3222 2175 3290 Vicarii
2228 3222 2453 3293 Urbis
2500 3227 2572 3290 et
2618 3230 3048 3291 ceterorum
3077 3223 3202 3291 Or-

737 3326 1215 3397 dinariorum.
1258 3329 1596 3399 Maxime
1646 3347 1823 3398 vero
1873 3347 2069 3416 quae
2118 3329 2428 3416 propius
2474 3329 2569 3397 ad
2623 3347 2781 3398 rem
2856 3326 3199 3399 facientia

737 3435 826 3502 ihi
879 3436 1249 3505 habentur
1292 3456 1418 3505 nn.
1468 3440 1560 3505 18
1607 3444 1678 3506 et
1724 3438 1829 3506 13.

867 3547 955 3613 Et
1003 3545 1188 3614 haec
1236 3544 1540 3632 quidem
1590 3544 1891 3613 abunde
1938 3541 2369 3612 sufficerent
2416 3543 2582 3611 siin
2618 3542 2989 3613 eiusmodi
3031 3562 3197 3614 cau·

733 3654 836 3720 sis
883 3651 1349 3740 peragendiS,
1400 3651 1833 3721 omnimoda
1885 3659 1957 3719 et
2003 3651 2343 3721 absoluta
2379 3651 2738 3722 certitudo
2772 3651 2868 3721 de
2894 3652 3194 3722 alterius

729 3760 1070 3847 soniugis
1116 3760 1315 3828 obitu
1371 3760 1624 3829 haberi
1674 3776 1980 3846 semper
2032 3767 2316 3845 posset;
2364 3760 2498 3828 sed
2548 3778 2720 3831 cum
2774 3759 2844 3828 id
2897 3779 3048 3828 non
3110 3760 3195 3827 si·

733 3871 909 3934 nint
953 3884 1277 3934 casuum
1328 3866 1883 3954 propemodum
1934 3864 2261 3936 infinitae
2311 3867 2509 3936 vices
2558 3865 2786 3954 (quod
2821 3867 3192 3954 sapienter

725 3972 1343 4042 animadversum
1392 3979 1503 4043 est
1548 3974 1621 4041 in
1672 3973 1972 4043 laudata
2025 3975 2516 4043 Instructione
2566 3975 2681 4043 his
2755 3974 3045 4043 verbis:
3119 3970 3193 4040 Si

733 4090 980 4148 tamen
1028 4079 1454 4150 huiusmodi
1500 4080 1922 4150 testtmonia
1978 4079 2243 4150 haberi
2305 4101 2455 4150 non
2524 4089 2885 4171 possunt,
2966 4099 3186 4151 saera

745 4186 1225 4277 Conyreyatio
1253 4204 1401 4256 non
1432 4185 1748 4257 intendit
1778 4187 2192 4258 eoecladere
2222 4188 2418 4258 alias
2447 4185 2961 4277 probationes,
3001 4203 3189 4276 qnae

729 4297 822 4362 {te
867 4294 1030 4363 itere
1074 4293 1450 4365 communi
1492 4305 1814 4384 possunt
1845 4294 2170 4382 admitti,
2208 4295 2615 4366 dummodo
2648 4295 3018 4385 legitimae
3050 4294 3190 4364 sint

733 4410 801 4470 et
847 4401 1325 4491 sztfflcientes)
1373 4405 1730 4490 sequitur,
1781 4403 1983 4490 quod
2033 4403 2401 4473 stantibus
2452 4405 2616 4474 licet
2659 4404 3040 4492 principiis
3078 4421 3191 4491 ge-

733 4511 1111 4579 neralibus
1159 4510 1627 4597 praestitutis,
1664 4510 1868 4580 haud
1920 4531 2089 4581 raro
2121 4530 2353 4581 casus
2383 4512 2753 4598 eveniunt,
2804 4512 2877 4580 in
2920 4511 3186 4599 quibus

733 4618 1406 4688 ecclesiasticorum
1456 4617 1896 4687 praesidum
1948 4618 2209 4689 iudicia
2262 4620 2575 4689 haerere
2624 4620 2868 4690 solent
2914 4620 2987 4688 in
3017 4636 3182 4689 vera

2928 16 2930 21 ⁴
2981 5 3042 22 -a-l.
3053 5 3069 13 Υ

3041 30 3046 34 ἱ
3062 34 3093 51 μ’
3183 46 3207 58 s
3248 52 3261 59 fl

3157 78 3160 79 γ
3205 70 3208 71 ⁷
3265 70 3277 81 ς
3304 6 3501 345 .ΙἾ

3495 347 3500 401 ἒ
