3509 5317
1343 547 1697 607 -121—

305 702 482 751 num
533 681 709 750 velit
752 682 1112 766 concerti,
1165 684 1345 769 quin
1396 683 1626 753 altera
1674 685 1766 752 sit
1817 685 2760 777 necessariainterrogatio‚

303 791 491 860 idest
533 808 719 857 num
767 787 1036 858 saltem
1087 787 1258 857 velit
1286 787 1720 858 cohabitare
1751 787 2034 878 absque
2066 792 2511 862 contumelia
2555 794 2768 863 Crea-

307 896 510 966 toris,

434 1008 544 1074 49.
597 1008 692 1073 At
740 1023 939 1091 vero,
987 1005 1356 1075 stantibus
1404 1006 1472 1073 in
1547 1024 1688 1074 suo
1736 1006 2032 1075 ,rob‘ore
2104 1007 2386 1093 Synodi
2459 1008 2764 1078 Sutchu-

306 1114 510 1182 ensis
562 1112 1288 1202 praescriptionibus
1357 1113 1429 1181 in
1499 1113 1855 1183 omnibns
1921 1114 2270 1185 Sinarum
2343 1117 2768 1203 apostolicis

307 1221 801 1292 Vicariatibus
851 1221 1248 1309 regnisque
1298 1222 1491 1290 Sinis
1539 1221 2051 1302 adiacentibus
2086 1224 2510 1294 servandae
2552 1232 2768 1294 erunt

308 1330 375 1397 in
426 1329 644 1416 praxi
694 1328 1031 1398 eiusdem
1082 1327 1363 1415 Synodi
1411 1329 2057 1415 praescriptiones.
2133 1330 2320 1398 Hinc
2385 1348 2560 1398 cum
2636 1349 2768 1417 per

309 1438 380 1507 S.
427 1437 501 1505 C.
552 1436 646 1504 de
696 1436 1190 1524 propaganda
1224 1433 1375 1504 fide
1405 1455 1454 1504 a
1485 1437 1817 1523 quodam
1856 1436 2325 1506 Missionario
2352 1438 2768 1508 vicariatus

308 1543 690 1630 apostolici
719 1542 1210 1611 Sutchuensis
1246 1543 1312 1625 (e
1344 1543 1633 1612 civitate
1666 1543 2261 1632 Jcong—Jcheou)
2298 1545 2764 1632 propositum

308 1648 525 1720 fuerit
572 1649 883 1718 dubium
936 1649 1008 1717 S.
1057 1648 1131 1718 C.
1182 1649 1253 1719 S.
1304 1648 1438 1717 off.
1494 1651 1759 1717 «Num
1809 1655 1986 1719 sunt
2031 1668 2278 1732 casus
2351 1651 2422 1727 in
2493 1652 2768 1738 quibus

310 1758 402 1826 de
451 1776 606 1825 uno
656 1764 936 1826 tantum
985 1754 1226 1845 possit
1277 1774 1366 1826 ac
1420 1754 1756 1845 sz4fficiat
1799 1755 2045 1826 facere
2085 1756 2768 1844 interpellationem,

312 1864 426 1933 vel
476 1882 661 1931 num
713 1881 1017 1949 semper
1064 1870 1135 1932 et
1164 1863 1325 1931 sine
1356 1863 1840 1948 distinctione,
1875 1863 2497 1951 quotiescumque
2529 1864 2772 1951 agitur

313 1969 408 2038 de
452 1971 929 2057 assequendo
977 1970 1360 2058 privilegio
1410 1970 1478 2037 in
1522 1968 1858 2039 favorem
1909 1967 2104 2056 fidei,
2153 1971 2247 2040 de
2278 1971 2580 2040 duobus
2611 1969 2768 2040 fieri

312 2080 581 2149 debeat
627 2078 1106 2166 interpellatio
1140 2101 1176 2141 »
1213 2098 1228 2146 :
1275 2118 1319 2127 -
1366 2079 1733 2165 Suprema
1788 2079 1861 2170 S.
1911 2081 1983 2149 C.
2034 2077 2159 2149 fer.
2196 2079 2316 2147 IV.
2351 2079 2469 2148 die
2512 2081 2557 2147 6
2588 2084 2772 2167 apri-

314 2187 401 2256 lis
456 2189 635 2257 1864
704 2187 1126 2273 respondit:
1204 2187 1640 2257 «Standum
1713 2186 2422 2273 praescriptionibus
2492 2186 2768 2274 Synodi

315 2296 824 2379 SutchuensiS‚
875 2314 1010 2382 per
1057 2314 1284 2382 quum
1337 2300 1452 2363 est
1497 2295 1679 2364 satis
1727 2295 2115 2381 provisum
2152 2317 2189 2357 »
2243 2293 2287 2360 ².

446 2404 556 2472 50.
606 2402 968 2483 Quamvis
1013 2402 1262 2489 itaque
1313 2403 1496 2471 haec
1544 2420 1681 2488 pro
1752 2403 1946 2470 dicto
2018 2401 2390 2471 Vicariatu
2463 2400 2772 2489 aliisque

318 2512 586 2599 regnis
619 2511 712 2580 ad
751 2529 943 2598 qnae
975 2509 1110 2579 fuit
1140 2510 1255 2579 illa
1292 2510 1647 2596 Synodus
1680 2525 2017 2596 extensa,
2051 2511 2505 2598 praescripta
2540 2509 2768 2580 fuisse

318 2619 714 2688 dicendum
766 2621 875 2705 sit,
925 2619 1397 2705 exploratum
1449 2624 1696 2689 tamen
1747 2626 1879 2703 est,
1928 2618 2129 2706 quod
2162 2617 2583 2707 periculum
2614 2638 2776 2708 per-

319 2726 680 2796 versionis
728 2727 1137 2814 generatim
1186 2725 1464 2812 suasit,
1538 2729 1620 2793 ut
1686 2727 2037 2813 quamvis
2105 2726 2385 2794 coniux
2453 2724 2772 2794 infidelis

319 2833 732 2903 consentiat
777 2833 1109 2902 habitare
1159 2830 1464 2920 pacifice
1511 2851 1684 2900 cum
1736 2831 1957 2918 fideli,
2009 2832 2380 2901 interdum
2416 2835 2666 2902 tamen
2702 2832 2772 2900 id

319 2942 382 3010 ei
429 2959 579 3009 non
631 2941 1099 3026 permittatur
1130 2940 1265 3009 nisi
1301 2945 1372 3009 et
1403 2940 1563 3026 ipse
1598 2958 1730 3026 per
1767 2939 2151 3008 lavacrum
2188 2938 2772 3027 regenerationis

319 3046 448 3117 fiat
493 3046 754 3117 fidelis.
804 3049 1050 3129 Quare
1099 3048 1542 3117 Benedictus
1588 3047 1767 3114 XIV
1814 3048 2297 3116 commendat
2349 3047 2768 3117 Cabassutii

320 3156 782 3238 sententiam,
834 3157 959 3243 qui
1009 3162 1176 3241 post
1221 3155 1558 3224 Sanchez
1606 3153 2120 3241 quaestionem
2169 3153 2540 3224 eiusmodi
2587 3154 2772 3222 eius-

321 3280 468 3350 que
499 3260 1023 3330 resolutionem
1044 3261 1372 3351 pcndere
1403 3262 1754 3349 affirmat
1777 3282 1825 3329 α
1857 3280 2171 3330 casuum
2194 3259 2776 3331 circumstantiis

320 3375 393 3439 et
436 3369 770 3439 moribus
818 3370 1200 3461 reqionum
1250 3370 1296 3436 ².

457 3478 644 3546 Hinc
690 3479 947 3566 praxis
995 3478 1317 3562 invaluit,
1370 3484 1447 3546 ut
1494 3478 1567 3545 in
1617 3477 1795 3545 locis
1843 3474 2273 3562 infidelium,
2324 3496 2386 3545 e.
2431 3495 2540 3564 gr.
2593 3476 2776 3544 inter

325 3585 561 3671 SinaS,
614 3585 839 3654 Indos
885 3591 1040 3669 etc„
1091 3584 1385 3671 coniugi
1432 3581 1628 3652 fideli
1680 3583 2144 3669 permittatur
2190 3582 2635 3650 cohabitatio
2686 3582 2780 3648 in-

325 3693 547 3763 noxia
598 3711 773 3761 cum
825 3693 1055 3761 altero
1103 3693 1419 3779 coniuge
1452 3689 1724 3759 infideli
1778 3691 1989 3758 iuxta
2043 3688 2248 3759 Pauli
2296 3687 2684 3757 consilium
2724 3688 2776 3772 Ξ;

325 3807 395 3870 et
439 3819 710 3870 rursus
762 3807 840 3870 ut
882 3799 1068 3869 alias
1115 3799 1297 3869 inire
1344 3799 1580 3886 possit
1626 3798 1926 3885 nuptias
1975 3796 2185 3866 iuxta
2248 3795 2457 3865 Pauli
2530 3796 2780 3864 doctri*

325 3927 524 3994 nam,
574 3909 638 3976 si
686 3906 1002 3976 infidelis
1048 3914 1180 3976 aut
1222 3906 1402 3975 nolit
1446 3905 1897 3992 cohabitare,
1948 3912 2079 3974 aut
2110 3904 2278 3972 velit
2310 3902 2612 3991 quidem
2649 3900 2776 3968 sed

459 4081 478 4116 ¹
530 4078 620 4137 Ex
664 4077 930 4153 regestis
973 4076 1040 4136 S.
1088 4076 1156 4137 G.
1201 4076 1274 4134 de
1318 4074 1729 4152 Propaganda
1771 4073 1911 4133 fide.

454 4176 479 4213 2
523 4174 843 4235 Benedict.
892 4173 1040 4233 XIV
1083 4172 1162 4232 de
1207 4172 1467 4248 Synodo
1509 4172 1620 4232 cit.
1674 4173 1780 4230 lib.
1885 4169 1945 4229 3.
1994 4189 2139 4244 cap.
2191 4169 2305 4227 21.
2356 4187 2426 4228 n.
2487 4168 2546 4226 1.

460 4275 484 4311 ³
529 4274 579 4333 1.
628 4272 909 4332 Corinth.
958 4288 1101 4347 cap.
1150 4272 1218 4330 7.
1270 4290 1365 4330 vr.
1429 4271 1687 4329 12-13:
1748 4288 1786 4329 α
1818 4268 2058 4329 Ceteris
2119 4286 2231 4343 ego
2294 4267 2464 4337 dice,
2514 4284 2628 4323 non
2679 4264 2792 4320 Du-

327 4375 549 4432 minuS.
586 4370 653 4432 si
684 4370 822 4446 quis
865 4369 1065 4430 frater
1097 4386 1348 4429 uxorem
1393 4370 1583 4427 habet
1611 4367 1947 4438 infidelem,
1980 4370 2045 4426 et
2074 4366 2226 4424 haec
2270 4362 2580 4423 consentit
2620 4361 2788 4420 habi-

327 4480 463 4531 tare
505 4488 642 4530 cum
690 4468 825 4539 illo,
872 4486 988 4526 non
1033 4468 1315 4527 dimittat
1358 4467 1558 4527 illam.
1604 4501 1646 4511 -
1675 4466 1769 4525 Et
1811 4466 1866 4524 si
1907 4481 2028 4541 qua
2072 4463 2296 4523 mulier
2359 4461 2560 4521 fidelis
2605 4460 2780 4518 hahffl

327 4572 532 4630 virum
595 4567 908 4628 infidelem
972 4572 1036 4628 et
1079 4567 1180 4626 hic
1237 4565 1547 4625 consentit
1611 4564 1901 4624 habitare
1942 4581 2080 4623 cum
2143 4562 2282 4633 illa,
2331 4579 2446 4619 non
2511 4559 2792 4619 dimittat

329 4687 533 4730 virum
567 4686 623 4726 ›.
