<?xml version="1.0" encoding="UTF-8"?>
<!DOCTYPE html PUBLIC "-//W3C//DTD XHTML 1.0 Transitional//EN"
    "http://www.w3.org/TR/xhtml1/DTD/xhtml1-transitional.dtd">
<html xmlns="http://www.w3.org/1999/xhtml" xml:lang="en" lang="en">
 <head>
  <title>
</title>
<meta http-equiv="Content-Type" content="text/html;charset=utf-8" />
  <meta name='ocr-system' content='tesseract 3.04.00' />
  <meta name='ocr-capabilities' content='ocr_page ocr_carea ocr_par ocr_line ocrx_word'/>
</head>
<body>
  <div class='ocr_page' id='page_1' title='image "./decausismatrimo00mansgoog_0093.png"; bbox 0 0 3509 5317; ppageno 0'>
   <div class='ocr_carea' id='block_1_1' title="bbox 1412 563 1720 623">
    <p class='ocr_par' dir='ltr' id='par_1_1' title="bbox 1412 563 1720 623">
     <span class='ocr_line' id='line_1_1' title="bbox 1412 563 1720 623; baseline 0.006 -3"><span class='ocrx_word' id='word_1_1' title='bbox 1412 563 1720 623; x_wconf 42' lang='grc'><em>«79-</em></span> 
     </span>
    </p>
   </div>
   <div class='ocr_carea' id='block_1_2' title="bbox 341 687 2820 4000">
    <p class='ocr_par' dir='ltr' id='par_1_2' title="bbox 341 687 2808 994">
     <span class='ocr_line' id='line_1_2' title="bbox 342 687 2808 786; baseline 0.001 -25"><span class='ocrx_word' id='word_1_2' title='bbox 342 698 630 764; x_wconf 82' lang='lat' dir='ltr'><em>matam</em></span> <span class='ocrx_word' id='word_1_3' title='bbox 656 687 745 763; x_wconf 78' lang='lat' dir='ltr'><em>&#39;si</em></span> <span class='ocrx_word' id='word_1_4' title='bbox 791 701 964 782; x_wconf 88' lang='lat' dir='ltr'><em>post</em></span> <span class='ocrx_word' id='word_1_5' title='bbox 1008 700 1256 765; x_wconf 88' lang='lat' dir='ltr'><em>ratum</em></span> <span class='ocrx_word' id='word_1_6' title='bbox 1300 699 1731 786; x_wconf 88' lang='lat' dir='ltr'><em>coniugium</em></span> <span class='ocrx_word' id='word_1_7' title='bbox 1770 698 2479 768; x_wconf 86' lang='lat' dir='ltr'><em>intercesseritinter</em></span> <span class='ocrx_word' id='word_1_8' title='bbox 2526 716 2659 767; x_wconf 90' lang='lat' dir='ltr'><em>eos</em></span> <span class='ocrx_word' id='word_1_9' title='bbox 2691 716 2808 767; x_wconf 46' lang='lat' dir='ltr'><em>cn*</em></span> 
     </span>
     <span class='ocr_line' id='line_1_3' title="bbox 341 801 2796 893; baseline -0.001 -24"><span class='ocrx_word' id='word_1_10' title='bbox 341 801 514 888; x_wconf 88' lang='lat' dir='ltr'><em>pula</em></span> <span class='ocrx_word' id='word_1_11' title='bbox 563 819 699 887; x_wconf 89' lang='lat' dir='ltr'><em>per</em></span> <span class='ocrx_word' id='word_1_12' title='bbox 746 819 830 871; x_wconf 89' lang='lat' dir='ltr'><em>se</em></span> <span class='ocrx_word' id='word_1_13' title='bbox 877 808 1047 888; x_wconf 86' lang='lat' dir='ltr'><em>apta</em></span> <span class='ocrx_word' id='word_1_14' title='bbox 1098 802 1191 871; x_wconf 92' lang='lat' dir='ltr'><em>ad</em></span> <span class='ocrx_word' id='word_1_15' title='bbox 1241 804 1781 891; x_wconf 83' lang='lat' dir='ltr'><em>generandum,</em></span> <span class='ocrx_word' id='word_1_16' title='bbox 1831 824 1980 892; x_wconf 84' lang='lat' dir='ltr'><em>qua</em></span> <span class='ocrx_word' id='word_1_17' title='bbox 2030 805 2390 893; x_wconf 90' lang='lat' dir='ltr'><em>coniuges</em></span> <span class='ocrx_word' id='word_1_18' title='bbox 2416 804 2602 873; x_wconf 85' lang='lat' dir='ltr'><em>fiunt</em></span> <span class='ocrx_word' id='word_1_19' title='bbox 2656 823 2796 871; x_wconf 63' lang='lat' dir='ltr'><em>unz·</em></span> 
     </span>
     <span class='ocr_line' id='line_1_4' title="bbox 341 907 1691 994; baseline -0.002 -18"><span class='ocrx_word' id='word_1_20' title='bbox 341 924 540 976; x_wconf 90' lang='lat' dir='ltr'><em>caro.</em></span> <span class='ocrx_word' id='word_1_21' title='bbox 588 944 634 954; x_wconf 94' lang='lat'>-</span> <span class='ocrx_word' id='word_1_22' title='bbox 683 908 848 988; x_wconf 90' lang='lat' dir='ltr'><em>Quo</em></span> <span class='ocrx_word' id='word_1_23' title='bbox 898 907 1135 994; x_wconf 88' lang='lat' dir='ltr'><em>posito</em></span> <span class='ocrx_word' id='word_1_24' title='bbox 1186 910 1691 979; x_wconf 88' lang='lat' dir='ltr'><em>statuendum.</em></span> 
     </span>
    </p>

    <p class='ocr_par' dir='ltr' id='par_1_3' title="bbox 341 1014 2812 2484">
     <span class='ocr_line' id='line_1_5' title="bbox 469 1014 2796 1105; baseline 0.002 -22"><span class='ocrx_word' id='word_1_25' title='bbox 469 1017 533 1083; x_wconf 90' lang='lat'><em>9.</em></span> <span class='ocrx_word' id='word_1_26' title='bbox 586 1014 865 1083; x_wconf 77' lang='lat' dir='ltr'><em>Tertio:</em></span> <span class='ocrx_word' id='word_1_27' title='bbox 918 1036 954 1078; x_wconf 72' lang='lat' dir='ltr'><em>&lt;c</em></span> <span class='ocrx_word' id='word_1_28' title='bbox 989 1016 1545 1086; x_wconf 75' lang='lat' dir='ltr'>Matrimonium</span> <span class='ocrx_word' id='word_1_29' title='bbox 1583 1024 1823 1086; x_wconf 82' lang='lat' dir='ltr'><em>ratum</em></span> <span class='ocrx_word' id='word_1_30' title='bbox 1857 1016 2195 1086; x_wconf 86' lang='lat' dir='ltr'><em>fidelium</em></span> <span class='ocrx_word' id='word_1_31' title='bbox 2229 1037 2361 1103; x_wconf 86' lang='lat' dir='ltr'><em>per</em></span> <span class='ocrx_word' id='word_1_32' title='bbox 2392 1019 2796 1105; x_wconf 66' lang='lat' dir='ltr'><em>susceptio-</em></span> 
     </span>
     <span class='ocr_line' id='line_1_6' title="bbox 341 1123 2804 1195; baseline -0 -6"><span class='ocrx_word' id='word_1_33' title='bbox 341 1141 517 1190; x_wconf 90' lang='lat' dir='ltr'><em>nem</em></span> <span class='ocrx_word' id='word_1_34' title='bbox 567 1123 933 1191; x_wconf 91' lang='lat' dir='ltr'><em>Ordinum</em></span> <span class='ocrx_word' id='word_1_35' title='bbox 978 1141 1376 1192; x_wconf 87' lang='lat' dir='ltr'><em>sacrorum</em></span> <span class='ocrx_word' id='word_1_36' title='bbox 1424 1143 1576 1192; x_wconf 88' lang='lat' dir='ltr'><em>non</em></span> <span class='ocrx_word' id='word_1_37' title='bbox 1623 1123 2060 1195; x_wconf 82' lang='lat' dir='ltr'><em>dIssolvitur</em></span> <span class='ocrx_word' id='word_1_38' title='bbox 2092 1147 2153 1192; x_wconf 91' lang='lat'><em>».</em></span> <span class='ocrx_word' id='word_1_39' title='bbox 2221 1125 2321 1194; x_wconf 87' lang='lat' dir='ltr'><em>Ita</em></span> <span class='ocrx_word' id='word_1_40' title='bbox 2373 1127 2804 1195; x_wconf 41' lang='lat' dir='ltr'><em>communia</em></span> 
     </span>
     <span class='ocr_line' id='line_1_7' title="bbox 341 1229 2804 1302; baseline -0.001 -4"><span class='ocrx_word' id='word_1_41' title='bbox 341 1230 682 1298; x_wconf 92' lang='lat' dir='ltr'><em>omnium</em></span> <span class='ocrx_word' id='word_1_42' title='bbox 716 1229 1076 1299; x_wconf 89' lang='lat' dir='ltr'><em>sententia</em></span> <span class='ocrx_word' id='word_1_43' title='bbox 1106 1230 1311 1299; x_wconf 85' lang='lat' dir='ltr'><em>iuxta</em></span> <span class='ocrx_word' id='word_1_44' title='bbox 1345 1231 1801 1300; x_wconf 82' lang='lat' dir='ltr'>decisionem</span> <span class='ocrx_word' id='word_1_45' title='bbox 1831 1231 2132 1301; x_wconf 89' lang='lat' dir='ltr'><em>Ioannis</em></span> <span class='ocrx_word' id='word_1_46' title='bbox 2158 1232 2371 1300; x_wconf 89' lang='lat' dir='ltr'><strong>XXII</strong></span> <span class='ocrx_word' id='word_1_47' title='bbox 2408 1233 2522 1300; x_wconf 89' lang='lat' dir='ltr'><em>his</em></span> <span class='ocrx_word' id='word_1_48' title='bbox 2556 1232 2804 1302; x_wconf 44' lang='lat' dir='ltr'><em>vei-hia</em></span> 
     </span>
     <span class='ocr_line' id='line_1_8' title="bbox 341 1336 2806 1426; baseline 0 -20"><span class='ocrx_word' id='word_1_49' title='bbox 341 1356 832 1425; x_wconf 81' lang='lat' dir='ltr'><em>expressam:</em></span> <span class='ocrx_word' id='word_1_50' title='bbox 887 1358 924 1400; x_wconf 73' lang='lat'><em>⁴&lt;</em></span> <span class='ocrx_word' id='word_1_51' title='bbox 959 1337 1335 1426; x_wconf 75' lang='lat' dir='ltr'><em>Antiquae</em></span> <span class='ocrx_word' id='word_1_52' title='bbox 1382 1336 1922 1408; x_wconf 64' lang='lat' dir='ltr'><em>concertationi</em></span> <span class='ocrx_word' id='word_1_53' title='bbox 1966 1338 2086 1423; x_wconf 89' lang='lat' dir='ltr'><em>(an</em></span> <span class='ocrx_word' id='word_1_54' title='bbox 2122 1339 2401 1410; x_wconf 84' lang='lat' dir='ltr'><em>scilicet</em></span> <span class='ocrx_word' id='word_1_55' title='bbox 2431 1340 2806 1410; x_wconf 62' lang='lat' dir='ltr'><em>matrimo-</em></span> 
     </span>
     <span class='ocr_line' id='line_1_9' title="bbox 341 1445 2804 1534; baseline -0.002 -23"><span class='ocrx_word' id='word_1_56' title='bbox 341 1446 555 1513; x_wconf 90' lang='lat' dir='ltr'><em>nium</em></span> <span class='ocrx_word' id='word_1_57' title='bbox 607 1451 853 1513; x_wconf 90' lang='lat' dir='ltr'><em>ratum</em></span> <span class='ocrx_word' id='word_1_58' title='bbox 902 1462 1051 1512; x_wconf 92' lang='lat' dir='ltr'><em>non</em></span> <span class='ocrx_word' id='word_1_59' title='bbox 1099 1455 1712 1514; x_wconf 85' lang='lat' dir='ltr'><em>consummatum</em></span> <span class='ocrx_word' id='word_1_60' title='bbox 1749 1445 2204 1514; x_wconf 85' lang='lat' dir='ltr'><em>dissolvatur</em></span> <span class='ocrx_word' id='word_1_61' title='bbox 2235 1465 2369 1533; x_wconf 86' lang='lat' dir='ltr'><em>per</em></span> <span class='ocrx_word' id='word_1_62' title='bbox 2402 1447 2804 1534; x_wconf 77' lang='lat' dir='ltr'><em>susceptin</em></span> 
     </span>
     <span class='ocr_line' id='line_1_10' title="bbox 342 1549 2804 1638; baseline 0.001 -21"><span class='ocrx_word' id='word_1_63' title='bbox 342 1570 523 1618; x_wconf 89' lang='lat' dir='ltr'><em>nem</em></span> <span class='ocrx_word' id='word_1_64' title='bbox 577 1551 771 1620; x_wconf 91' lang='lat' dir='ltr'><em>sacri</em></span> <span class='ocrx_word' id='word_1_65' title='bbox 821 1549 1136 1635; x_wconf 88' lang='lat' dir='ltr'><em>Ordinis,</em></span> <span class='ocrx_word' id='word_1_66' title='bbox 1189 1552 1286 1619; x_wconf 87' lang='lat' dir='ltr'><em>uti</em></span> <span class='ocrx_word' id='word_1_67' title='bbox 1356 1552 1787 1621; x_wconf 87' lang='lat' dir='ltr'><em>dissolvitur</em></span> <span class='ocrx_word' id='word_1_68' title='bbox 1856 1571 1989 1638; x_wconf 89' lang='lat' dir='ltr'><em>per</em></span> <span class='ocrx_word' id='word_1_69' title='bbox 2056 1550 2601 1637; x_wconf 76' lang='lat' dir='ltr'><em>professionem</em></span> <span class='ocrx_word' id='word_1_70' title='bbox 2652 1555 2804 1621; x_wconf 85' lang='lat' dir='ltr'><em>reli-</em></span> 
     </span>
     <span class='ocr_line' id='line_1_11' title="bbox 348 1655 2812 1748; baseline -0.001 -23"><span class='ocrx_word' id='word_1_71' title='bbox 348 1657 672 1746; x_wconf 87' lang='lat' dir='ltr'><em>giosam)</em></span> <span class='ocrx_word' id='word_1_72' title='bbox 705 1655 952 1747; x_wconf 85' lang='lat' dir='ltr'><em>finem</em></span> <span class='ocrx_word' id='word_1_73' title='bbox 985 1657 1362 1748; x_wconf 78' lang='lat' dir='ltr'><em>capientes</em></span> <span class='ocrx_word' id='word_1_74' title='bbox 1395 1658 1849 1748; x_wconf 85' lang='lat' dir='ltr'><em>imponere..</em></span> <span class='ocrx_word' id='word_1_75' title='bbox 1872 1658 2303 1748; x_wconf 76' lang='lat' dir='ltr'><em>‚praesenti</em></span> <span class='ocrx_word' id='word_1_76' title='bbox 2332 1658 2808 1729; x_wconf 62' lang='lat' dir='ltr'><em>declarantis</em></span> <span class='ocrx_word' id='word_1_77' title='bbox 2804 1687 2812 1695; x_wconf 36' lang='grc' dir='ltr'>ι</span> 
     </span>
     <span class='ocr_line' id='line_1_12' title="bbox 349 1765 2812 1857; baseline -0 -21"><span class='ocrx_word' id='word_1_78' title='bbox 349 1765 618 1852; x_wconf 80' lang='lat' dir='ltr'><em>edicte,</em></span> <span class='ocrx_word' id='word_1_79' title='bbox 672 1765 875 1855; x_wconf 80' lang='lat' dir='ltr'><em>qaod</em></span> <span class='ocrx_word' id='word_1_80' title='bbox 921 1765 1087 1836; x_wconf 81' lang='lat' dir='ltr'><em>licet</em></span> <span class='ocrx_word' id='word_1_81' title='bbox 1128 1770 1380 1835; x_wconf 72' lang='lat' dir='ltr'><em>votum</em></span> <span class='ocrx_word' id='word_1_82' title='bbox 1415 1766 1988 1837; x_wconf 67' lang='lat' dir='ltr'><em>solemnizatum</em></span> <span class='ocrx_word' id='word_1_83' title='bbox 2016 1786 2158 1857; x_wconf 86' lang='lat' dir='ltr'><em>per</em></span> <span class='ocrx_word' id='word_1_84' title='bbox 2187 1766 2396 1836; x_wconf 81' lang='lat' dir='ltr'><em>sacri</em></span> <span class='ocrx_word' id='word_1_85' title='bbox 2420 1767 2812 1857; x_wconf 70' lang='lat' dir='ltr'><em>suscepti-:1-</em></span> 
     </span>
     <span class='ocr_line' id='line_1_13' title="bbox 344 1872 2812 1963; baseline -0.002 -21"><span class='ocrx_word' id='word_1_86' title='bbox 344 1892 518 1942; x_wconf 90' lang='lat' dir='ltr'><em>nem</em></span> <span class='ocrx_word' id='word_1_87' title='bbox 558 1872 886 1959; x_wconf 66' lang='lat' dir='ltr'><em>OrdiniS,</em></span> <span class='ocrx_word' id='word_1_88' title='bbox 926 1879 1295 1961; x_wconf 78' lang='lat' dir='ltr'><em>quantam</em></span> <span class='ocrx_word' id='word_1_89' title='bbox 1330 1874 1436 1943; x_wconf 88' lang='lat' dir='ltr'><em>ad</em></span> <span class='ocrx_word' id='word_1_90' title='bbox 1467 1873 2021 1963; x_wconf 77' lang='lat' dir='ltr'><em>impediendam</em></span> <span class='ocrx_word' id='word_1_91' title='bbox 2055 1874 2621 1943; x_wconf 78' lang='lat' dir='ltr'><em>matrimonium</em></span> <span class='ocrx_word' id='word_1_92' title='bbox 2654 1894 2812 1943; x_wconf 67' lang='lat' dir='ltr'><em>cori-</em></span> 
     </span>
     <span class='ocr_line' id='line_1_14' title="bbox 350 1978 2804 2071; baseline 0.002 -22"><span class='ocrx_word' id='word_1_93' title='bbox 350 1979 834 2066; x_wconf 83' lang='lat' dir='ltr'><em>trahendam,</em></span> <span class='ocrx_word' id='word_1_94' title='bbox 887 2000 982 2049; x_wconf 90' lang='lat' dir='ltr'><em>ac</em></span> <span class='ocrx_word' id='word_1_95' title='bbox 1024 1980 1130 2051; x_wconf 85' lang='lat' dir='ltr'><em>ad</em></span> <span class='ocrx_word' id='word_1_96' title='bbox 1175 1978 1678 2050; x_wconf 82' lang='lat' dir='ltr'><em>dirimendam</em></span> <span class='ocrx_word' id='word_1_97' title='bbox 1709 1981 1776 2051; x_wconf 78' lang='lat' dir='ltr'><em>si</em></span> <span class='ocrx_word' id='word_1_98' title='bbox 1803 1987 1977 2071; x_wconf 78' lang='lat' dir='ltr'><em>post</em></span> <span class='ocrx_word' id='word_1_99' title='bbox 2022 1987 2496 2052; x_wconf 85' lang='lat' dir='ltr'><em>contractam</em></span> <span class='ocrx_word' id='word_1_100' title='bbox 2530 1981 2804 2071; x_wconf 65' lang='lat' dir='ltr'><em>faerit,</em></span> 
     </span>
     <span class='ocr_line' id='line_1_15' title="bbox 345 2086 2812 2177; baseline -0.002 -21"><span class='ocrx_word' id='word_1_101' title='bbox 345 2086 757 2156; x_wconf 77' lang='lat' dir='ltr'><em>secandum</em></span> <span class='ocrx_word' id='word_1_102' title='bbox 802 2092 1096 2157; x_wconf 79' lang='lat' dir='ltr'><em>statuta</em></span> <span class='ocrx_word' id='word_1_103' title='bbox 1152 2107 1527 2157; x_wconf 74' lang='lat' dir='ltr'><em>canonum</em></span> <span class='ocrx_word' id='word_1_104' title='bbox 1591 2088 1687 2157; x_wconf 81' lang='lat' dir='ltr'><em>sit</em></span> <span class='ocrx_word' id='word_1_105' title='bbox 1741 2090 2036 2177; x_wconf 77' lang='lat' dir='ltr'><em>efficaoe</em></span> <span class='ocrx_word' id='word_1_106' title='bbox 2101 2087 2656 2177; x_wconf 75' lang='lat' dir='ltr'><em>reputandam:</em></span> <span class='ocrx_word' id='word_1_107' title='bbox 2710 2091 2812 2155; x_wconf 64' lang='lat' dir='ltr'><em>esni</em></span> 
     </span>
     <span class='ocr_line' id='line_1_16' title="bbox 345 2193 2812 2285; baseline -0 -21"><span class='ocrx_word' id='word_1_108' title='bbox 345 2193 902 2264; x_wconf 67' lang='lat' dir='ltr'><em>dissolvendam</em></span> <span class='ocrx_word' id='word_1_109' title='bbox 953 2198 1202 2264; x_wconf 84' lang='lat' dir='ltr'><em>tamen</em></span> <span class='ocrx_word' id='word_1_110' title='bbox 1247 2194 1463 2284; x_wconf 74' lang='lat' dir='ltr'><em>prius</em></span> <span class='ocrx_word' id='word_1_111' title='bbox 1495 2200 1999 2281; x_wconf 85' lang='lat' dir='ltr'><em>contractam,</em></span> <span class='ocrx_word' id='word_1_112' title='bbox 2037 2194 2265 2264; x_wconf 84' lang='lat' dir='ltr'><em>etiam</em></span> <span class='ocrx_word' id='word_1_113' title='bbox 2297 2193 2363 2264; x_wconf 77' lang='lat' dir='ltr'><em>si</em></span> <span class='ocrx_word' id='word_1_114' title='bbox 2384 2215 2529 2285; x_wconf 81' lang='lat' dir='ltr'><em>per</em></span> <span class='ocrx_word' id='word_1_115' title='bbox 2561 2195 2812 2265; x_wconf 49' lang='lat' dir='ltr'><em>carnia·</em></span> 
     </span>
     <span class='ocr_line' id='line_1_17' title="bbox 349 2301 2812 2393; baseline -0.002 -20"><span class='ocrx_word' id='word_1_116' title='bbox 349 2302 703 2393; x_wconf 85' lang='lat' dir='ltr'><em>copalam</em></span> <span class='ocrx_word' id='word_1_117' title='bbox 751 2322 897 2371; x_wconf 85' lang='lat' dir='ltr'><em>non</em></span> <span class='ocrx_word' id='word_1_118' title='bbox 929 2301 1176 2391; x_wconf 80' lang='lat' dir='ltr'><em>suerit</em></span> <span class='ocrx_word' id='word_1_119' title='bbox 1207 2308 1838 2388; x_wconf 77' lang='lat' dir='ltr'><em>consummatam,</em></span> <span class='ocrx_word' id='word_1_120' title='bbox 1873 2356 1887 2371; x_wconf 88' lang='lat'><strong>.</strong></span> <span class='ocrx_word' id='word_1_121' title='bbox 1918 2356 1932 2371; x_wconf 88' lang='lat'><strong>.</strong></span> <span class='ocrx_word' id='word_1_122' title='bbox 1965 2355 1979 2370; x_wconf 90' lang='lat'><strong>.</strong></span> <span class='ocrx_word' id='word_1_123' title='bbox 2009 2356 2023 2370; x_wconf 91' lang='lat'><em>.</em></span> <span class='ocrx_word' id='word_1_124' title='bbox 2072 2302 2484 2372; x_wconf 76' lang='lat' dir='ltr'><em>invalidam</em></span> <span class='ocrx_word' id='word_1_125' title='bbox 2517 2307 2629 2370; x_wconf 78' lang='lat' dir='ltr'><em>est</em></span> <span class='ocrx_word' id='word_1_126' title='bbox 2660 2323 2812 2371; x_wconf 50' lang='lat' dir='ltr'><em>cerr</em></span> 
     </span>
     <span class='ocr_line' id='line_1_18' title="bbox 348 2412 834 2484; baseline -0.008 -1"><span class='ocrx_word' id='word_1_127' title='bbox 348 2412 665 2484; x_wconf 74' lang='lat' dir='ltr'><em>sendum</em></span> <span class='ocrx_word' id='word_1_128' title='bbox 698 2435 734 2476; x_wconf 82' lang='grc'>»</span> <span class='ocrx_word' id='word_1_129' title='bbox 790 2412 834 2479; x_wconf 82' lang='lat'><em>¹.</em></span> 
     </span>
    </p>

    <p class='ocr_par' dir='ltr' id='par_1_4' title="bbox 348 2519 2812 3464">
     <span class='ocr_line' id='line_1_19' title="bbox 356 2519 2808 2597; baseline -0.005 -7"><span class='ocrx_word' id='word_1_130' title='bbox 356 2524 361 2528; x_wconf 82' lang='grc'><strong>’</strong></span> <span class='ocrx_word' id='word_1_131' title='bbox 482 2524 591 2590; x_wconf 90' lang='grc'><em>10.</em></span> <span class='ocrx_word' id='word_1_132' title='bbox 647 2521 961 2597; x_wconf 77' lang='lat' dir='ltr'><em>Quarto:</em></span> <span class='ocrx_word' id='word_1_133' title='bbox 1014 2541 1050 2583; x_wconf 72' lang='lat' dir='ltr'><em>&lt;c</em></span> <span class='ocrx_word' id='word_1_134' title='bbox 1085 2519 1638 2587; x_wconf 75' lang='lat' dir='ltr'><em>Matrimonium</em></span> <span class='ocrx_word' id='word_1_135' title='bbox 1688 2523 1949 2587; x_wconf 81' lang='lat' dir='ltr'><em>ratam</em></span> <span class='ocrx_word' id='word_1_136' title='bbox 1999 2537 2146 2587; x_wconf 89' lang='lat' dir='ltr'><em>non</em></span> <span class='ocrx_word' id='word_1_137' title='bbox 2196 2522 2808 2586; x_wconf 72' lang='lat' dir='ltr'><em>consummatum</em></span> 
     </span>
     <span class='ocr_line' id='line_1_20' title="bbox 350 2619 2804 2713; baseline -0.006 -16"><span class='ocrx_word' id='word_1_138' title='bbox 350 2628 782 2698; x_wconf 85' lang='lat' dir='ltr'><em>dissolvitur</em></span> <span class='ocrx_word' id='word_1_139' title='bbox 829 2646 965 2713; x_wconf 87' lang='lat' dir='ltr'><em>per</em></span> <span class='ocrx_word' id='word_1_140' title='bbox 1011 2624 1427 2694; x_wconf 91' lang='lat' dir='ltr'><em>solemnem</em></span> <span class='ocrx_word' id='word_1_141' title='bbox 1495 2624 2036 2710; x_wconf 83' lang='lat' dir='ltr'><em>professionem</em></span> <span class='ocrx_word' id='word_1_142' title='bbox 2110 2619 2535 2712; x_wconf 76' lang='lat' dir='ltr'><em>religiosam</em></span> <span class='ocrx_word' id='word_1_143' title='bbox 2571 2645 2632 2690; x_wconf 82' lang='lat'><em>».</em></span> <span class='ocrx_word' id='word_1_144' title='bbox 2709 2623 2804 2691; x_wconf 64' lang='lat' dir='ltr'><em>Iti.</em></span> 
     </span>
     <span class='ocr_line' id='line_1_21' title="bbox 351 2730 2711 2818; baseline -0.002 -12"><span class='ocrx_word' id='word_1_145' title='bbox 351 2754 620 2806; x_wconf 88' lang='lat' dir='ltr'><em>omnes</em></span> <span class='ocrx_word' id='word_1_146' title='bbox 666 2735 1012 2805; x_wconf 81' lang='lat' dir='ltr'><em>Catholici</em></span> <span class='ocrx_word' id='word_1_147' title='bbox 1059 2740 1339 2818; x_wconf 87' lang='lat' dir='ltr'><em>tenent,</em></span> <span class='ocrx_word' id='word_1_148' title='bbox 1392 2733 1489 2800; x_wconf 90' lang='lat' dir='ltr'><em>uti</em></span> <span class='ocrx_word' id='word_1_149' title='bbox 1536 2731 1872 2801; x_wconf 87' lang='lat' dir='ltr'><em>decisum</em></span> <span class='ocrx_word' id='word_1_150' title='bbox 1907 2731 2038 2800; x_wconf 85' lang='lat' dir='ltr'><em>fuit</em></span> <span class='ocrx_word' id='word_1_151' title='bbox 2083 2752 2123 2802; x_wconf 93' lang='lat' dir='ltr'><em>a</em></span> <span class='ocrx_word' id='word_1_152' title='bbox 2178 2732 2455 2800; x_wconf 82' lang='lat' dir='ltr'><em>Ioanne</em></span> <span class='ocrx_word' id='word_1_153' title='bbox 2502 2730 2711 2798; x_wconf 88' lang='lat' dir='ltr'><strong>XXII</strong></span> 
     </span>
     <span class='ocr_line' id='line_1_22' title="bbox 349 2837 2812 2926; baseline -0.005 -11"><span class='ocrx_word' id='word_1_154' title='bbox 349 2846 446 2916; x_wconf 87' lang='lat' dir='ltr'><em>ab</em></span> <span class='ocrx_word' id='word_1_155' title='bbox 495 2843 927 2913; x_wconf 82' lang='lat' dir='ltr'><em>Alexandro</em></span> <span class='ocrx_word' id='word_1_156' title='bbox 980 2843 1069 2911; x_wconf 95' lang='lat' dir='ltr'><em>III</em></span> <span class='ocrx_word' id='word_1_157' title='bbox 1121 2838 1164 2926; x_wconf 87' lang='lat'><em>⁸,</em></span> <span class='ocrx_word' id='word_1_158' title='bbox 1229 2841 1325 2910; x_wconf 88' lang='lat' dir='ltr'><em>ab</em></span> <span class='ocrx_word' id='word_1_159' title='bbox 1383 2840 1810 2909; x_wconf 85' lang='lat' dir='ltr'><em>Innocentio</em></span> <span class='ocrx_word' id='word_1_160' title='bbox 1860 2839 1954 2908; x_wconf 95' lang='lat' dir='ltr'><em>III</em></span> <span class='ocrx_word' id='word_1_161' title='bbox 2000 2837 2026 2876; x_wconf 81' lang='lat'><em>·⁴</em></span> <span class='ocrx_word' id='word_1_162' title='bbox 2078 2859 2169 2908; x_wconf 84' lang='lat' dir='ltr'><em>ac</em></span> <span class='ocrx_word' id='word_1_163' title='bbox 2214 2837 2623 2906; x_wconf 90' lang='lat' dir='ltr'><em>novissime</em></span> <span class='ocrx_word' id='word_1_164' title='bbox 2679 2855 2812 2923; x_wconf 73' lang='lat' dir='ltr'><em>pei·</em></span> 
     </span>
     <span class='ocr_line' id='line_1_23' title="bbox 351 2942 2812 3035; baseline -0.006 -13"><span class='ocrx_word' id='word_1_165' title='bbox 351 2955 547 3022; x_wconf 87' lang='lat' dir='ltr'><em>hanc</em></span> <span class='ocrx_word' id='word_1_166' title='bbox 612 2950 1010 3020; x_wconf 78' lang='lat' dir='ltr'><em>Tridentini</em></span> <span class='ocrx_word' id='word_1_167' title='bbox 1077 2946 1626 3018; x_wconf 80' lang='lat' dir='ltr'><em>definitionem:</em></span> <span class='ocrx_word' id='word_1_168' title='bbox 1685 2945 1766 3016; x_wconf 86' lang='lat' dir='ltr'><em>Si</em></span> <span class='ocrx_word' id='word_1_169' title='bbox 1818 2945 1984 3035; x_wconf 80' lang='lat' dir='ltr'><em>qais</em></span> <span class='ocrx_word' id='word_1_170' title='bbox 2044 2945 2367 3030; x_wconf 77' lang='lat' dir='ltr'><em>dioeert&#39;t,</em></span> <span class='ocrx_word' id='word_1_171' title='bbox 2434 2942 2812 3014; x_wconf 66' lang='lat' dir='ltr'><em>matrim-</em></span> 
     </span>
     <span class='ocr_line' id='line_1_24' title="bbox 351 3049 2812 3143; baseline -0.003 -16"><span class='ocrx_word' id='word_1_172' title='bbox 351 3054 557 3127; x_wconf 81' lang='lat' dir='ltr'><em>niam</em></span> <span class='ocrx_word' id='word_1_173' title='bbox 605 3062 862 3127; x_wconf 84' lang='lat' dir='ltr'><em>ratam</em></span> <span class='ocrx_word' id='word_1_174' title='bbox 912 3075 1061 3125; x_wconf 88' lang='lat' dir='ltr'><em>non</em></span> <span class='ocrx_word' id='word_1_175' title='bbox 1106 3060 1740 3141; x_wconf 77' lang='lat' dir='ltr'><em>consummatam,</em></span> <span class='ocrx_word' id='word_1_176' title='bbox 1801 3072 1943 3143; x_wconf 87' lang='lat' dir='ltr'><em>per</em></span> <span class='ocrx_word' id='word_1_177' title='bbox 1988 3053 2390 3123; x_wconf 79' lang='lat' dir='ltr'><em>solemnem</em></span> <span class='ocrx_word' id='word_1_178' title='bbox 2439 3049 2812 3141; x_wconf 44' lang='lat' dir='ltr'><em>reliyiomff</em></span> 
     </span>
     <span class='ocr_line' id='line_1_25' title="bbox 348 3158 2812 3257; baseline -0.004 -22"><span class='ocrx_word' id='word_1_179' title='bbox 348 3163 898 3257; x_wconf 74' lang='lat' dir='ltr'><em>professionem</em></span> <span class='ocrx_word' id='word_1_180' title='bbox 929 3162 1242 3233; x_wconf 79' lang='lat' dir='ltr'><em>alterius</em></span> <span class='ocrx_word' id='word_1_181' title='bbox 1274 3160 1669 3251; x_wconf 67' lang='lat' dir='ltr'><em>coniayam</em></span> <span class='ocrx_word' id='word_1_182' title='bbox 1699 3181 1853 3231; x_wconf 86' lang='lat' dir='ltr'><em>non</em></span> <span class='ocrx_word' id='word_1_183' title='bbox 1884 3160 2163 3247; x_wconf 83' lang='lat' dir='ltr'><em>dirimi,</em></span> <span class='ocrx_word' id='word_1_184' title='bbox 2196 3162 2610 3229; x_wconf 84' lang='lat' dir='ltr'><em>anathema</em></span> <span class='ocrx_word' id='word_1_185' title='bbox 2642 3158 2736 3227; x_wconf 75' lang='lat' dir='ltr'><em>sit</em></span> <span class='ocrx_word' id='word_1_186' title='bbox 2772 3159 2812 3223; x_wconf 68' lang='lat'><em>⁵.</em></span> 
     </span>
     <span class='ocr_line' id='line_1_26' title="bbox 349 3261 2804 3360; baseline -0.005 -17"><span class='ocrx_word' id='word_1_187' title='bbox 349 3312 395 3322; x_wconf 96' lang='lat'>-</span> <span class='ocrx_word' id='word_1_188' title='bbox 441 3276 688 3360; x_wconf 84' lang='lat' dir='ltr'><em>Atque</em></span> <span class='ocrx_word' id='word_1_189' title='bbox 737 3273 881 3341; x_wconf 88' lang='lat' dir='ltr'><em>hoc</em></span> <span class='ocrx_word' id='word_1_190' title='bbox 927 3290 1027 3340; x_wconf 85' lang='lat' dir='ltr'><em>ex</em></span> <span class='ocrx_word' id='word_1_191' title='bbox 1072 3270 1454 3358; x_wconf 86' lang='lat' dir='ltr'><em>privilegio</em></span> <span class='ocrx_word' id='word_1_192' title='bbox 1515 3269 1818 3357; x_wconf 88' lang='lat' dir='ltr'><em>speciali</em></span> <span class='ocrx_word' id='word_1_193' title='bbox 1879 3289 1921 3340; x_wconf 93' lang='lat' dir='ltr'><em>a</em></span> <span class='ocrx_word' id='word_1_194' title='bbox 1972 3261 2260 3336; x_wconf 79' lang='lat' dir='ltr'><em>Christo</em></span> <span class='ocrx_word' id='word_1_195' title='bbox 2326 3285 2691 3335; x_wconf 85' lang='lat' dir='ltr'><em>concesso</em></span> <span class='ocrx_word' id='word_1_196' title='bbox 2748 3275 2804 3331; x_wconf 40' lang='lat' dir='ltr'><em>[st</em></span> 
     </span>
     <span class='ocr_line' id='line_1_27' title="bbox 354 3372 2812 3464; baseline -0.004 -15"><span class='ocrx_word' id='word_1_197' title='bbox 354 3380 448 3449; x_wconf 86' lang='lat' dir='ltr'><em>ab</em></span> <span class='ocrx_word' id='word_1_198' title='bbox 497 3379 823 3450; x_wconf 81' lang='lat' dir='ltr'><em>Ecclesia</em></span> <span class='ocrx_word' id='word_1_199' title='bbox 873 3378 1269 3462; x_wconf 82' lang='lat' dir='ltr'><em>declaratO,</em></span> <span class='ocrx_word' id='word_1_200' title='bbox 1325 3377 1527 3464; x_wconf 87' lang='lat' dir='ltr'><em>quod</em></span> <span class='ocrx_word' id='word_1_201' title='bbox 1577 3377 1763 3446; x_wconf 85' lang='lat' dir='ltr'><em>satis</em></span> <span class='ocrx_word' id='word_1_202' title='bbox 1831 3375 2194 3463; x_wconf 80' lang='lat' dir='ltr'><em>colligitur</em></span> <span class='ocrx_word' id='word_1_203' title='bbox 2242 3393 2342 3442; x_wconf 81' lang='lat' dir='ltr'><em>ex</em></span> <span class='ocrx_word' id='word_1_204' title='bbox 2387 3372 2578 3442; x_wconf 84' lang='lat' dir='ltr'><em>facto</em></span> <span class='ocrx_word' id='word_1_205' title='bbox 2631 3373 2812 3458; x_wconf 70' lang='lat' dir='ltr'><em>ipss</em></span> 
     </span>
    </p>

    <p class='ocr_par' dir='ltr' id='par_1_5' title="bbox 357 3480 1841 3574">
     <span class='ocr_line' id='line_1_28' title="bbox 357 3480 1841 3574; baseline -0.005 -18"><span class='ocrx_word' id='word_1_206' title='bbox 357 3490 605 3558; x_wconf 84' lang='lat' dir='ltr'><em>iuncta</em></span> <span class='ocrx_word' id='word_1_207' title='bbox 652 3487 887 3574; x_wconf 86' lang='lat' dir='ltr'><em>ipsius</em></span> <span class='ocrx_word' id='word_1_208' title='bbox 933 3486 1309 3555; x_wconf 81' lang='lat' dir='ltr'><em>Ecclesiae</em></span> <span class='ocrx_word' id='word_1_209' title='bbox 1358 3485 1743 3554; x_wconf 84' lang='lat' dir='ltr'><em>traditione</em></span> <span class='ocrx_word' id='word_1_210' title='bbox 1795 3480 1841 3549; x_wconf 82' lang='lat'><em>⁶.</em></span> 
     </span>
    </p>

    <p class='ocr_par' dir='ltr' id='par_1_6' title="bbox 358 3536 2820 4000">
     <span class='ocr_line' id='line_1_29' title="bbox 485 3536 2820 3674; baseline -0.006 -11"><span class='ocrx_word' id='word_1_211' title='bbox 485 3592 1259 3663; x_wconf 87' lang='lat' dir='ltr'><em>Animadvertendum</em></span> <span class='ocrx_word' id='word_1_212' title='bbox 1305 3596 1556 3661; x_wconf 87' lang='lat' dir='ltr'><em>tamen</em></span> <span class='ocrx_word' id='word_1_213' title='bbox 1608 3597 1720 3659; x_wconf 93' lang='lat' dir='ltr'><em>est</em></span> <span class='ocrx_word' id='word_1_214' title='bbox 1767 3607 1941 3658; x_wconf 92' lang='lat' dir='ltr'><em>cum</em></span> <span class='ocrx_word' id='word_1_215' title='bbox 1978 3587 2377 3658; x_wconf 87' lang='lat' dir='ltr'><em>Benedicto</em></span> <span class='ocrx_word' id='word_1_216' title='bbox 2403 3536 2582 3656; x_wconf 89' lang='lat' dir='ltr'><em>XIV</em></span> <span class='ocrx_word' id='word_1_217' title='bbox 2619 3609 2655 3651; x_wconf 72' lang='lat' dir='ltr'><em>&lt;c</em></span> <span class='ocrx_word' id='word_1_218' title='bbox 2682 3607 2768 3674; x_wconf 73' lang='lat' dir='ltr'><em>pi·</em></span> <span class='ocrx_word' id='word_1_219' title='bbox 2780 3591 2820 3651; x_wconf 74' lang='lat' dir='ltr'><em>i-</em></span> 
     </span>
     <span class='ocr_line' id='line_1_30' title="bbox 358 3695 2812 3789; baseline -0.003 -22"><span class='ocrx_word' id='word_1_220' title='bbox 358 3701 708 3789; x_wconf 81' lang='lat' dir='ltr'><em>vilegium</em></span> <span class='ocrx_word' id='word_1_221' title='bbox 760 3700 903 3769; x_wconf 87' lang='lat' dir='ltr'><em>hoc</em></span> <span class='ocrx_word' id='word_1_222' title='bbox 948 3718 1118 3769; x_wconf 88' lang='lat' dir='ltr'><em>esse</em></span> <span class='ocrx_word' id='word_1_223' title='bbox 1164 3716 1617 3768; x_wconf 90' lang='lat' dir='ltr'><em>concessum</em></span> <span class='ocrx_word' id='word_1_224' title='bbox 1664 3696 2184 3767; x_wconf 90' lang='lat' dir='ltr'><em>tantummodo</em></span> <span class='ocrx_word' id='word_1_225' title='bbox 2221 3695 2608 3781; x_wconf 82' lang='lat' dir='ltr'><em>religiosae</em></span> <span class='ocrx_word' id='word_1_226' title='bbox 2644 3714 2812 3782; x_wconf 75' lang='lat' dir='ltr'><em>pin-</em></span> 
     </span>
     <span class='ocr_line' id='line_1_31' title="bbox 359 3802 2812 3892; baseline -0.002 -19"><span class='ocrx_word' id='word_1_227' title='bbox 359 3804 655 3875; x_wconf 83' lang='lat' dir='ltr'><em>fessioni</em></span> <span class='ocrx_word' id='word_1_228' title='bbox 689 3806 1011 3875; x_wconf 92' lang='lat' dir='ltr'><em>emissae</em></span> <span class='ocrx_word' id='word_1_229' title='bbox 1046 3806 1115 3872; x_wconf 91' lang='lat' dir='ltr'><em>in</em></span> <span class='ocrx_word' id='word_1_230' title='bbox 1151 3806 1395 3892; x_wconf 87' lang='lat' dir='ltr'><em>aliqua</em></span> <span class='ocrx_word' id='word_1_231' title='bbox 1431 3824 1524 3873; x_wconf 84' lang='lat' dir='ltr'><em>ex</em></span> <span class='ocrx_word' id='word_1_232' title='bbox 1557 3804 1989 3892; x_wconf 88' lang='lat' dir='ltr'><em>approbatis</em></span> <span class='ocrx_word' id='word_1_233' title='bbox 2024 3802 2527 3889; x_wconf 79' lang='lat' dir='ltr'><em>religionibuS,</em></span> <span class='ocrx_word' id='word_1_234' title='bbox 2563 3804 2633 3870; x_wconf 92' lang='lat' dir='ltr'><em>in</em></span> <span class='ocrx_word' id='word_1_235' title='bbox 2663 3807 2812 3889; x_wconf 83' lang='lat' dir='ltr'><em>qni-</em></span> 
     </span>
     <span class='ocr_line' id='line_1_32' title="bbox 358 3907 2812 4000; baseline -0.003 -20"><span class='ocrx_word' id='word_1_236' title='bbox 358 3912 499 3980; x_wconf 87' lang='lat' dir='ltr'><em>bus</em></span> <span class='ocrx_word' id='word_1_237' title='bbox 544 3913 900 3981; x_wconf 88' lang='lat' dir='ltr'><em>nimirum</em></span> <span class='ocrx_word' id='word_1_238' title='bbox 950 3913 1224 3982; x_wconf 87' lang='lat' dir='ltr'><em>emissa</em></span> <span class='ocrx_word' id='word_1_239' title='bbox 1276 3914 1644 3998; x_wconf 81' lang='lat' dir='ltr'><em>castitatiS,</em></span> <span class='ocrx_word' id='word_1_240' title='bbox 1694 3911 2153 4000; x_wconf 77' lang='lat' dir='ltr'><em>paupertatIs</em></span> <span class='ocrx_word' id='word_1_241' title='bbox 2215 3914 2285 3978; x_wconf 88' lang='lat' dir='ltr'><em>et</em></span> <span class='ocrx_word' id='word_1_242' title='bbox 2353 3907 2812 3976; x_wconf 64' lang='lat' dir='ltr'><em>obedIentins·</em></span> 
     </span>
    </p>
   </div>
   <div class='ocr_carea' id='block_1_3' title="bbox 363 4086 2812 4751">
    <p class='ocr_par' dir='ltr' id='par_1_7' title="bbox 363 4086 2812 4265">
     <span class='ocr_line' id='line_1_33' title="bbox 489 4086 2812 4167; baseline -0.006 -17"><span class='ocrx_word' id='word_1_243' title='bbox 489 4090 508 4128; x_wconf 94' lang='lat'>¹</span> <span class='ocrx_word' id='word_1_244' title='bbox 553 4091 816 4150; x_wconf 79' lang='lat' dir='ltr'><em>Extrav.</em></span> <span class='ocrx_word' id='word_1_245' title='bbox 877 4089 1217 4167; x_wconf 76' lang='lat' dir='ltr'><em>Antiquae</em></span> <span class='ocrx_word' id='word_1_246' title='bbox 1273 4090 1750 4149; x_wconf 79' lang='lat' dir='ltr'><em>concertationi</em></span> <span class='ocrx_word' id='word_1_247' title='bbox 1803 4089 1967 4148; x_wconf 84' lang='lat' dir='ltr'><em>Ioan.</em></span> <span class='ocrx_word' id='word_1_248' title='bbox 2018 4087 2198 4147; x_wconf 89' lang='lat' dir='ltr'><strong>XXII</strong></span> <span class='ocrx_word' id='word_1_249' title='bbox 2262 4086 2341 4145; x_wconf 84' lang='lat' dir='ltr'><em>de</em></span> <span class='ocrx_word' id='word_1_250' title='bbox 2396 4091 2529 4141; x_wconf 80' lang='lat' dir='ltr'><em>voto</em></span> <span class='ocrx_word' id='word_1_251' title='bbox 2583 4090 2646 4142; x_wconf 87' lang='lat' dir='ltr'><em>et</em></span> <span class='ocrx_word' id='word_1_252' title='bbox 2694 4095 2812 4140; x_wconf 50' lang='lat' dir='ltr'><em>vnn</em></span> 
     </span>
     <span class='ocr_line' id='line_1_34' title="bbox 363 4191 825 4265; baseline 0.002 -20"><span class='ocrx_word' id='word_1_253' title='bbox 363 4191 825 4265; x_wconf 80' lang='lat' dir='ltr'><em>redemptione.</em></span> 
     </span>
    </p>

    <p class='ocr_par' dir='ltr' id='par_1_8' title="bbox 490 4286 1010 4348">
     <span class='ocr_line' id='line_1_35' title="bbox 490 4286 1010 4348; baseline -0.006 1"><span class='ocrx_word' id='word_1_254' title='bbox 490 4286 516 4324; x_wconf 56' lang='grc' dir='ltr'><strong>Β</strong></span> <span class='ocrx_word' id='word_1_255' title='bbox 560 4287 680 4348; x_wconf 80' lang='lat' dir='ltr'><em>Git.</em></span> <span class='ocrx_word' id='word_1_256' title='bbox 730 4286 1010 4346; x_wconf 77' lang='lat' dir='ltr'><em>Extrav.</em></span> 
     </span>
    </p>

    <p class='ocr_par' dir='ltr' id='par_1_9' title="bbox 490 4383 2384 4463">
     <span class='ocr_line' id='line_1_36' title="bbox 490 4383 2384 4463; baseline -0.004 -17"><span class='ocrx_word' id='word_1_257' title='bbox 490 4385 513 4422; x_wconf 74' lang='lat'><strong>⁸</strong></span> <span class='ocrx_word' id='word_1_258' title='bbox 555 4386 624 4446; x_wconf 88' lang='lat' dir='ltr'><em>In</em></span> <span class='ocrx_word' id='word_1_259' title='bbox 668 4404 801 4463; x_wconf 86' lang='lat' dir='ltr'><em>cap.</em></span> <span class='ocrx_word' id='word_1_260' title='bbox 862 4386 1104 4444; x_wconf 82' lang='lat' dir='ltr'><em>Verum</em></span> <span class='ocrx_word' id='word_1_261' title='bbox 1150 4383 1212 4443; x_wconf 96' lang='grc'><em>2.</em></span> <span class='ocrx_word' id='word_1_262' title='bbox 1264 4384 1345 4443; x_wconf 87' lang='lat' dir='ltr'><em>de</em></span> <span class='ocrx_word' id='word_1_263' title='bbox 1386 4384 1811 4443; x_wconf 74' lang='lat' dir='ltr'><em>conversione</em></span> <span class='ocrx_word' id='word_1_264' title='bbox 1855 4384 2384 4456; x_wconf 75' lang='lat' dir='ltr'><em>coninyatorum.</em></span> 
     </span>
    </p>

    <p class='ocr_par' dir='ltr' id='par_1_10' title="bbox 492 4479 2467 4561">
     <span class='ocr_line' id='line_1_37' title="bbox 492 4479 2467 4561; baseline -0.004 -17"><span class='ocrx_word' id='word_1_265' title='bbox 492 4486 515 4522; x_wconf 83' lang='lat'><strong>⁴</strong></span> <span class='ocrx_word' id='word_1_266' title='bbox 555 4484 625 4544; x_wconf 90' lang='lat' dir='ltr'><em>In</em></span> <span class='ocrx_word' id='word_1_267' title='bbox 668 4503 803 4561; x_wconf 85' lang='lat' dir='ltr'><em>cap.</em></span> <span class='ocrx_word' id='word_1_268' title='bbox 851 4484 964 4541; x_wconf 80' lang='lat' dir='ltr'><em>E&#39;oe</em></span> <span class='ocrx_word' id='word_1_269' title='bbox 1001 4491 1192 4559; x_wconf 79' lang='lat' dir='ltr'><em>parte</em></span> <span class='ocrx_word' id='word_1_270' title='bbox 1236 4490 1351 4541; x_wconf 77' lang='lat' dir='ltr'><em>tua</em></span> <span class='ocrx_word' id='word_1_271' title='bbox 1404 4481 1508 4540; x_wconf 83' lang='lat'><em>14.</em></span> <span class='ocrx_word' id='word_1_272' title='bbox 1559 4482 1597 4557; x_wconf 68' lang='lat' dir='ltr'><em>g</em></span> <span class='ocrx_word' id='word_1_273' title='bbox 1639 4482 1772 4538; x_wconf 90' lang='lat' dir='ltr'><em>Nos</em></span> <span class='ocrx_word' id='word_1_274' title='bbox 1818 4486 2063 4547; x_wconf 84' lang='lat' dir='ltr'><em>tamen,</em></span> <span class='ocrx_word' id='word_1_275' title='bbox 2108 4479 2327 4537; x_wconf 88' lang='lat' dir='ltr'><em>eodem</em></span> <span class='ocrx_word' id='word_1_276' title='bbox 2372 4479 2467 4536; x_wconf 83' lang='lat' dir='ltr'><em>tit.</em></span> 
     </span>
    </p>

    <p class='ocr_par' dir='ltr' id='par_1_11' title="bbox 492 4581 1208 4641">
     <span class='ocr_line' id='line_1_38' title="bbox 492 4581 1208 4641; baseline 0 -1"><span class='ocrx_word' id='word_1_277' title='bbox 492 4583 516 4618; x_wconf 84' lang='lat'>⁵</span> <span class='ocrx_word' id='word_1_278' title='bbox 558 4583 723 4641; x_wconf 71' lang='lat' dir='ltr'><em>Sese.</em></span> <span class='ocrx_word' id='word_1_279' title='bbox 778 4581 890 4640; x_wconf 88' lang='grc'><em>24.</em></span> <span class='ocrx_word' id='word_1_280' title='bbox 940 4599 1090 4641; x_wconf 87' lang='lat' dir='ltr'><em>can.</em></span> <span class='ocrx_word' id='word_1_281' title='bbox 1144 4584 1208 4640; x_wconf 84' lang='lat'><em>6.</em></span> 
     </span>
    </p>

    <p class='ocr_par' dir='ltr' id='par_1_12' title="bbox 491 4671 2417 4751">
     <span class='ocr_line' id='line_1_39' title="bbox 491 4671 2417 4751; baseline -0.005 -10"><span class='ocrx_word' id='word_1_282' title='bbox 491 4682 516 4717; x_wconf 77' lang='lat'>⁰</span> <span class='ocrx_word' id='word_1_283' title='bbox 558 4681 689 4740; x_wconf 87' lang='lat' dir='ltr'><em>Gfr.</em></span> <span class='ocrx_word' id='word_1_284' title='bbox 734 4681 996 4740; x_wconf 85' lang='lat' dir='ltr'><em>Leuren.</em></span> <span class='ocrx_word' id='word_1_285' title='bbox 1052 4680 1158 4736; x_wconf 82' lang='lat' dir='ltr'><em>lib.</em></span> <span class='ocrx_word' id='word_1_286' title='bbox 1209 4677 1274 4736; x_wconf 88' lang='grc'><em>4.</em></span> <span class='ocrx_word' id='word_1_287' title='bbox 1323 4680 1418 4735; x_wconf 85' lang='lat' dir='ltr'><em>tit.</em></span> <span class='ocrx_word' id='word_1_288' title='bbox 1475 4674 1584 4737; x_wconf 89' lang='lat'><em>19.</em></span> <span class='ocrx_word' id='word_1_289' title='bbox 1632 4682 1882 4751; x_wconf 70' lang='lat' dir='ltr'><em>quaest.</em></span> <span class='ocrx_word' id='word_1_290' title='bbox 1932 4671 2093 4732; x_wconf 88' lang='grc'><strong>279.</strong></span> <span class='ocrx_word' id='word_1_291' title='bbox 2144 4693 2184 4732; x_wconf 85' lang='lat' dir='ltr'><em>a</em></span> <span class='ocrx_word' id='word_1_292' title='bbox 2231 4692 2299 4731; x_wconf 92' lang='lat' dir='ltr'><em>n.</em></span> <span class='ocrx_word' id='word_1_293' title='bbox 2356 4673 2417 4731; x_wconf 89' lang='lat'><em>3.</em></span> 
     </span>
    </p>
   </div>
   <div class='ocr_carea' id='block_1_4' title="bbox 3469 2011 3478 3154">
    <p class='ocr_par' dir='ltr' id='par_1_13' title="bbox 3469 2011 3478 3154">
     <span class='ocr_line' id='line_1_40' title="bbox 3469 2011 3478 3154; baseline 0 0"><span class='ocrx_word' id='word_1_294' title='bbox 3469 2011 3478 3154; x_wconf 95' lang='lat' dir='ltr'><em> </em></span> 
     </span>
    </p>
   </div>
  </div>
 </body>
</html>
