3509 5317
1781 538 2097 599 -32-

713 679 1142 759 profiteatur
1188 680 1318 745 aut
1365 678 1742 762 moriatur,
1780 677 2171 765 professus
2202 678 2299 746 ad
2334 678 2876 746 monasterium
2928 678 3165 748 redire

709 787 946 851 [llilffit.
994 785 1173 854 Eius
1219 784 1421 855 enim
1468 784 1831 871 professio
1879 785 2014 854 fuit
2060 785 2326 872 valida,
2378 790 2446 854 et
2496 786 2721 855 huius
2767 784 3165 856 dumtaxat

709 892 1046 960 :saecutio
1079 893 1177 961 ob
1209 892 1514 962 alterius
1537 894 1880 981 coniugis
1918 893 2522 963 incontinentiam
2551 892 2685 962 fuit
2707 912 3080 980 suspensa
3119 893 3161 960 ².

849 1003 945 1067 Π.
995 1002 1138 1070 Pro
1186 997 1662 1087 susceptione
1710 1002 2096 1086 ordinum,
2145 1002 2241 1071 de
2290 1001 2573 1090 licentia
2636 1002 2996 1090 coniugiS,
3056 1022 3167 1071 ea-

709 1111 877 1175 tinis]
958 1114 1137 1178 sunt
1204 1110 1679 1182 observanda
1763 1131 1958 1200 quae
2027 1112 2102 1180 in
2162 1110 2627 1198 professione
2694 1110 3072 1198 religionis
3115 1108 3161 1176 ².

853 1219 946 1283 13.
998 1217 1328 1287 Breviter
1399 1238 1600 1288 nunc
1660 1219 2215 1306 inquirendum,
2265 1238 2362 1288 an
2412 1218 2632 1287 etiam
2699 1219 2766 1285 in
2830 1215 3158 1285 Ecclesia

713 1322 1076 1392 [nummu
1118 1332 1278 1394 tum
1327 1326 1547 1413 Ord0,
1598 1332 1754 1395 tum
1810 1327 2150 1415 religiosa
2201 1324 2566 1414 professio
2613 1325 2963 1393 dirimant
3018 1342 3161 1419 ina·

709 1431 1132 1500 trimnnium
1171 1435 1799 1504 contrahendum.
2815 1507 2820 1512 .

849 1543 945 1607 ἐξ).
993 1541 1082 1609 Et
1130 1541 1456 1627 primum
1507 1540 1599 1610 de
1655 1540 1954 1610 Ordine.
2015 1544 2216 1610 Num
2283 1542 2353 1609 in
2418 1540 2745 1611 Ecclesia
2819 1540 3160 1610 Orientali

705 1647 925 1711 aliani
976 1647 1175 1715 Ordo
1224 1649 1317 1716 sit
1346 1649 1965 1736 impedimentum
2002 1648 2361 1716 dirimens
2396 1648 2866 1732 matrimonii,
2917 1647 3163 1733 dispu-

709 1759 861 1815 tant..
909 1754 1228 1843 theologi
1275 1761 1347 1824 et
1392 1756 1845 1840 canonistae,
1895 1762 1969 1825 et
2014 1756 2265 1826 adhuc
2312 1755 2457 1823 sub
2504 1755 2743 1823 iudice
2806 1754 2894 1822 lis
2949 1760 3064 1822 est
3113 1751 3159 1819 ⁸.

705 1899 745 1907 -
797 1862 1237 1931 iil-medietas
1283 1863 1462 1932 XIV
1513 1862 1532 1899 ⁴
1606 1864 1700 1934 ita
1780 1863 2151 1933 eiusmodi
2219 1864 2735 1950 quaestionem
2816 1862 3166 1949 exponit:

709 1991 741 2027 <z
797 1971 929 2035 liin
983 1969 1454 2058 multumque
1500 1971 1770 2059 agitata
1821 1977 1933 2039 est
1979 1971 2167 2040 inter
2215 1971 2607 2059 theologos
2652 1969 3155 2039 controversia

709 2075 865 2155 illl-⁴,
921 2061 1133 2163 plena
1193 2078 1407 2167 iurgii
1472 2097 1561 2148 ac
1625 2077 1951 2147 dissidii:
2022 2115 2068 2125 -
2128 2080 2242 2145 An
2304 2077 2555 2145 solum
2622 2076 2994 2161 illicitum,
3048 2075 3158 2142 vel

705 2187 948 2267 pullus
1019 2185 1344 2253 illicitum
1418 2193 1488 2255 et
1554 2185 1966 2254 invalidum
2032 2185 2361 2272 reputari
2420 2183 2725 2253 deberet
2793 2185 3163 2253 matrimo-

705 2295 909 2355 nium
958 2291 1215 2359 initum
1269 2293 1340 2359 in
1390 2293 1717 2363 Ecclesia
1780 2291 2140 2362 Ort'cntali
2188 2298 2357 2379 post
2403 2291 2873 2361 collationem
2922 2283 3163 2359 'sacro-

705 2423 869 2463 rum
925 2399 1305 2485 Ordinum,
1363 2403 2014 2487 quemadmodum
2063 2400 2355 2469 nullum
2414 2407 2486 2469 et
2546 2400 2829 2468 irritum
2879 2404 3162 2485 reputa-

705 2519 821 2575 ιιιι·
873 2511 937 2575 in
988 2509 1315 2578 Ecclesia
1371 2507 1842 2578 Occidentali.
1892 2545 1932 2555 —
1982 2508 2264 2578 Placuit
2309 2526 2496 2577 sane
2564 2506 2927 2592 pluribuS,
2994 2503 3162 2573 cali-

701 2615 877 2680 flsmi
929 2617 1062 2685 sed
1096 2614 1430 2685 illicitam
1463 2611 1755 2685 censeri
1786 2616 2061 2685 debere
2110 2614 2541 2684 huiusmodi
2577 2613 3158 2698 matrimonium,

701 2731 853 2787 tum
905 2725 1082 2810 quia
1112 2724 1518 2793 canonicae
1584 2724 2011 2793 sanctiones
2060 2733 2133 2791 et
2178 2723 2473 2791 decreta
2539 2722 2910 2791 Ecclesiae
2960 2722 3155 2790 Occi-

701 2830 1012 2899 *invitalis
1061 2830 1233 2900 illud
1285 2832 1632 2901 irritantia
1672 2830 2010 2917 protendi
2042 2848 2191 2897 non
2232 2835 2547 2916 possunt
2593 2829 2842 2898 indole
2888 2848 3030 2898 sua
3063 2828 3156 2897 ad

705 2939 1110 3007 lcwlssiam
1157 2929 1654 3025 orientalem,
1705 2943 1860 3006 tum
1924 2938 2102 3024 quia
2138 2955 2472 3006 canones
2534 2936 2818 3023 Synodi
2880 2935 3159 3004 Trulla-

705 3063 857 3115 nma
913 3062 1235 3131 quorum
1301 3064 1604 3131 semper
1651 3064 1693 3113 a
1745 3044 2051 3113 Graecis
2102 3042 2623 3112 commendata
2672 3040 2805 3110 fuit
2852 3041 3159 3110 auctori-

701 3159 829 3227 las,
873 3150 1118 3219 nullibi
1153 3170 1516 3238 expresse
1555 3151 1945 3221 annullant
1976 3157 2050 3219 et
2077 3150 2364 3219 >irritant
2394 3149 2954 3219 matrimonium
2994 3157 3162 3235 post

701 3279 960 3327 sumas
1006 3258 1320 3327 Ordines
1381 3265 1871 3329 contractum.
1919 3293 1963 3307 -
2010 3256 2328 3327 Strenue
2397 3263 2653 3325 contra
2726 3262 3161 3344 pugnarunt

701 3367 813 3431 ulii
869 3384 999 3451 pro
1033 3366 1463 3436 omnimoda
1503 3366 1973 3436 invaliditate.
2023 3366 2111 3433 Et
2142 3365 2417 3433 saniori
2450 3370 2650 3433 certe
2682 3362 3016 3450 consilio,
3052 3369 3157 3433 ut·

701 3479 865 3555 fuiti-³
917 3478 1203 3541 tuentes
1259 3473 1705 3542 sententiam
1759 3472 2173 3541 maioribus
2219 3469 2604 3558 suffragiis
2651 3468 3040 3539 suffultam
3089 3475 3158 3539 et

705 3579 921 3643 inmiti
959 3579 1637 3666 congregationum
1666 3579 1891 3649 Urbis
1922 3581 2529 3648 consentaneam.
2558 3575 2983 3645 Nullitatem
3010 3594 3161 3646 ma-

701 3685 1013 3751 trinnzinii
1061 3686 1242 3754 satis
1274 3686 1431 3753 erui
1470 3704 1695 3771 posse
1729 3685 2150 3755 iudicarunt
2198 3703 2296 3753 ex
2345 3685 2506 3770 ipso
2554 3702 2720 3752 can.
2768 3685 2811 3751 3
2860 3682 3154 3751 Concilii

697 3793 1023 3861 Trullnni
1061 3793 1174 3860 bis
1209 3793 1489 3862 verbis:
1519 3793 1640 3860 Eis
1666 3791 1960 3881 nefario
1989 3791 2319 3861 videlicet
2346 3790 2368 3826 ⁵
2403 3788 2768 3860 dissoluto
2798 3788 3153 3879 coningio

837 3967 849 3999 l
901 3965 1174 4024 Sanchez
1223 3965 1264 4024 l.
1312 3983 1365 4023 c.
1415 3969 1479 4023 et
1521 3983 1658 4023 cum
1701 3983 1774 4023 eo
1816 3965 1986 4024 Less.
2037 3964 2318 4042 Castrop.
2369 3966 2544 4025 Gutt.
2596 3966 2776 4024 Pont.

833 4067 857 4095 '·'
901 4062 1026 4123 cfr.
1078 4062 1448 4121 Laurenium
1499 4062 1603 4121 leb.
1656 4063 1720 4122 4.
1772 4065 1865 4122 tit.
1928 4060 2029 4121 19.
2081 4070 2332 4139 quaest.
2387 4061 2544 4119 301.
2594 4080 2716 4121 nn.
2769 4061 2917 4121 3-4.

833 4167 853 4192 ·'‘
901 4160 1426 4237 Papp-Szilagyi:
1475 4160 1922 4218 Enchz‘ridion
1969 4162 2140 4217 iuris
2171 4159 2510 4218 Ecclesiae
2542 4159 2901 4217 orientalis
2946 4161 3151 4219 catho-

701 4263 885 4319 ,ὼε-Ην,
933 4266 1096 4331 part.
1151 4258 1212 4317 2.
1262 4258 1300 4333 5
1354 4257 1500 4315 101.
1551 4258 1683 4318 fuse
1725 4258 1799 4316 de
1845 4259 1958 4317 hac
2003 4259 2279 4335 disputat
2322 4258 2772 4318 controversia.

837 4359 853 4387 ⁴
901 4359 1103 4415 Const.
1142 4354 1237 4413 Eo
1281 4358 1584 4431 quamvis
1630 4364 1913 4430 tempore
1954 4356 2074 4414 diei
2122 4354 2166 4411 4
2210 4356 2379 4412 maii
2413 4340 2595 4414 1745
2638 4354 2677 4429 ἓ
2724 4354 2832 4414 38.
2883 4363 2946 4413 et
2982 4372 3148 4431 seqq.

693 4456 857 4511 adila
905 4471 1010 4527 pro
1053 4453 1330 4529 Gophtis.
3016 4528 3024 4533 .

897 4550 1393 4627 Papp-Szilagyi
1442 4553 1482 4609 Ι.
1518 4570 1570 4610 c.
1609 4553 1912 4611 exscribit
1956 4554 2307 4625 manifeste
2350 4569 2460 4628 pro
2506 4552 2812 4610 videlicet
2846 4569 2927 4611 ex
2977 4550 3160 4611 Trul-

705 4655 837 4707 lanu
885 4667 1134 4708 canone.
1240 4668 1253 4673 ·
