3509 5317
1778 519 2136 580 ..100-

737 651 1270 722 =.·=÷munissime
1317 654 1465 721 DD.
1515 654 1844 725 sentiunt
1890 674 1973 725 ea
2028 656 2227 725 ducti
2294 656 2572 725 ratione
2634 655 2834 744 quod
2897 657 2997 725 ob
3045 674 3188 726 ma·

737 777 968 836 J-Jllllm
1019 760 1485 847 contagionis
1531 761 1972 848 periculum,
2022 762 2194 831 finis
2227 762 2320 830 ad
2355 780 2582 849 quem
2619 762 3048 831 ordinatum
3081 768 3189 832 est

741 867 1317 952 matrimonium,
1367 886 1519 936 non
1580 869 1982 954 obtinetur3
2046 878 2119 939 et
2165 873 2550 956 praeterea
2614 870 3030 956 periculum
3094 873 3185 937 in·

733 974 1239 1060 mutinentiae,
1291 975 1710 1045 immineret
1754 976 1962 1059 alteri
2010 977 2326 1065 coniugi,
2376 978 2439 1045 si
2487 976 2607 1046 hic
2673 978 2944 1046 invitus
3003 986 3192 1046 tene·

741 1092 937 1148 riatur
981 1099 1288 1152 servare
1334 1084 1767 1153 castitatem.
1819 1086 2064 1165 Quare
2115 1085 2479 1153 Martinus
2527 1085 2614 1169 V,
2652 1090 2731 1152 ut
2771 1083 2994 1153 refert
3024 1086 3190 1152 Bor·

741 1188 992 1268 wlsius
1037 1189 1303 1257 citatus
1350 1210 1391 1258 a
1442 1189 1781 1259 Sanchez
1818 1189 1861 1276 ²,
1911 1192 2009 1259 ob
2058 1190 2308 1278 leprae
2363 1205 2679 1260 causam
2734 1192 3191 1278 dispensavit

737 1313 966 1380 anper
1014 1295 1310 1364 vinculo
1364 1297 1807 1366 matrimonii
1861 1298 1993 1366 rati
2043 1316 2194 1365 non
2243 1297 2768 1368 consummati.

869 1407 979 1472 27.
1028 1407 1124 1471 At
1170 1422 1348 1472 vero
1396 1404 1767 1474 eiusmodi
1814 1424 2044 1475 causa
2096 1425 2194 1474 ex
2243 1405 2508 1474 iudicio
2560 1407 2627 1472 in
2699 1411 2857 1475 arte
2905 1405 3191 1475 medica

745 1512 1168 1596 pwritorum,
1220 1518 1293 1579 et
1336 1511 1460 1598 qui
1511 1513 1657 1579 sint
1703 1510 1851 1580 fide
1899 1512 2121 1599 digni,
2174 1513 2556 1599 probanda
2593 1518 2725 1593 est,
2760 1531 2911 1580 non
2947 1512 3192 1581 solum

741 1616 986 1700 :quoad
1040 1617 1276 1685 morbi
1327 1617 1817 1701 existentiam,
1867 1619 2001 1687 sed
2065 1619 2284 1687 etiam
2345 1638 2439 1686 an
2501 1638 2636 1705 per
2698 1617 2903 1687 illum
2968 1619 3201 1688 immi·

745 1730 911 1793 nnat
955 1724 1159 1792 alteri
1207 1724 1502 1812 coniugi
1552 1722 1962 1793 infectionis
2009 1725 2433 1812 periculum
2483 1725 2751 1793 saltem
2788 1725 3196 1812 probabile.

749 1836 973 1900 linitur
1018 1831 1238 1916 enim,
1288 1849 1385 1899 ex
1439 1830 1903 1899 medicorum
1951 1832 2332 1917 sententia,
2384 1832 2592 1918 lepra
2643 1832 3079 1920 contagiosa
3132 1836 3200 1901 et

745 1960 805 2004 nt
829 1960 889 2004 ιι]
940 1937 1388 2025 contagiosa.
1438 1937 1558 2006 Sic
1590 1938 1812 2006 etiam
1847 1939 1907 2006 si
1942 1945 2208 2026 agatur
2240 1939 2336 2006 de
2362 1936 2648 2027 phthisi
2674 1947 2752 2007 ut
2782 1957 3013 2007 causa
3066 1938 3203 2008 dis-

749 2045 1217 2131 pfflsationis,
1271 2044 1734 2113 medicorum
1789 2047 2209 2114 testimonio
2261 2044 2739 2132 probandum
2786 2052 2900 2114 est
2961 2063 3060 2121 an
3109 2044 3201 2114 de

749 2152 967 2220 liuius
1016 2151 1257 2220 morbi
1308 2151 1693 2221 existentia
1744 2152 1816 2220 in
1866 2153 2220 2222 alterutro
2269 2153 2587 2240 coniuge
2636 2156 2946 2237 constet,
2990 2159 3063 2221 et
3106 2171 3198 2221 an

749 2260 905 2325 nilis
951 2261 1045 2326 sit
1090 2259 1253 2325 eius
1299 2257 1606 2343 indoleS,
1663 2264 1740 2326 ut
1786 2259 2219 2347 contagiosa
2268 2259 2655 2329 iudicetur.

873 2366 980 2432 28.
1029 2365 1314 2433 Verum
1374 2373 1717 2434 cessante
1781 2365 2001 2434 etiam
2067 2363 2475 2434 infectionis
2539 2365 2892 2452 pericuIO,
2958 2371 3203 2453 potest

749 2471 1056 2539 llll'll'bUS
1106 2470 1362 2540 haberi
1414 2471 1510 2538 uti
1570 2488 1804 2540 causa
1868 2472 2442 2559 dispensationis
2500 2472 2562 2540 si
2624 2473 2905 2540 coniux
2968 2491 3203 2542 sanus

745 2580 1095 2646 abhorret
1140 2578 1237 2646 ab
1285 2596 1600 2647 accessu
1648 2578 1743 2646 ad
1795 2579 2214 2666 coniugem,
2279 2598 2398 2648 ex.
2462 2599 2571 2667 gr.
2623 2578 2850 2666 lepra,
2913 2579 3035 2648 lue
3086 2599 3202 2650 ve-

749 2703 966 2752 w-rea
1017 2684 1258 2753 aliove
1307 2685 1574 2753 morbo
1640 2686 2035 2754 horrorem
2092 2683 2468 2770 inferente,
2520 2683 2898 2770 infectum,
2948 2705 3203 2774 quam-

753 2796 857 2856 ris
917 2809 1068 2859 non
1132 2802 1398 2880 agatur
1460 2792 1554 2861 de
1612 2793 2124 2879 ingentissimo
2196 2793 2528 2879 horrore,
2591 2793 2689 2861 uti
2753 2793 2851 2860 ob
2918 2793 3204 2880 lepram

745 2916 971 2984 *paam
1021 2898 1276 2967 dicunt
1324 2899 1719 2985 leoninam,
1775 2921 1812 2961 ⁴<
1843 2900 1935 2968 ita
1987 2910 2069 2968 ut
2118 2901 2461 2969 membra
2508 2905 3203 2987 computrescerent

746 3024 805 3068 1:21
861 3004 1353 3073 deciderent»
1407 3012 1486 3074 ut
1546 3007 1644 3075 ait
1704 3005 2064 3076 SancheZ.
2139 3008 2276 3088 Qui
2338 3007 2721 3076 disserens
2790 3006 2885 3076 de
2956 3008 3204 3077 debito

745 3112 1114 3200 ⁴¹llIliuga¹i
1164 3113 1236 3179 in
1286 3112 1488 3181 hisce
1536 3113 1923 3200 adiunctis,
1974 3117 2483 3203 prosequitur:
2540 3137 2576 3177 «
2611 3121 2787 3184 sunt
2818 3115 3021 3183 enim
3057 3115 3200 3202 ple·

753 3248 781 3276 ε·-
825 3224 1027 3307 rique
1074 3219 1176 3287 ita
1206 3220 1302 3289 ad
1336 3239 1702 3291 nauseam
1743 3223 2121 3307 propensi,
2160 3232 2238 3290 ut
2269 3224 2363 3292 ad
2399 3223 2633 3291 instar
2666 3222 2929 3290 mortis
2964 3221 3063 3291 ab
3095 3240 3211 3292 ac-

753 3360 777 3380 v
821 3345 1041 3396 cassu
1088 3325 1185 3395 ad
1233 3329 1630 3415 coniugem
1665 3328 2051 3414 leprosum
2100 3328 2573 3416 abhorreant,
2623 3339 2695 3399 et
2741 3347 3015 3417 cogere
3047 3329 3207 3397 illos

753 3468 777 3484 -ι
825 3435 914 3504 acl
963 3433 1334 3519 copulam,
1384 3438 1587 3502 esset
1631 3433 2173 3521 difficillimum,
2216 3454 2310 3504 ne
2339 3438 2714 3506 moraliter
2747 3434 3206 3522 impossibile

821 3541 1138 3609 ³dixerim
1172 3561 1209 3604 »
1263 3538 1309 3607 ².
1383 3542 1470 3609 Et
1535 3542 1844 3629 quidem
1915 3542 2039 3611 ubi
2101 3562 2295 3611 uxor
2342 3562 2433 3612 eo
2484 3544 2750 3612 morbo
2815 3543 3204 3628 laboraret,

753 3652 904 3732 ipse
954 3649 1219 3716 horror
1265 3651 1572 3735 saepius
1626 3649 2030 3717 inhabilem
2096 3648 2367 3719 faceret
2433 3651 2676 3719 virum
2741 3650 2837 3718 ad
2903 3650 3210 3718 redden·

749 3759 951 3841 llum,
1002 3756 1129 3842 qui
1175 3773 1309 3842 per
1357 3774 1440 3822 se
1489 3754 1745 3822 habilis
1794 3769 1995 3824 esset
2038 3775 2215 3824 cum
2269 3776 2508 3826 uxore
2576 3774 2666 3824 eo
2721 3747 2997 3826 'morbo
3057 3776 3205 3825 non

753 3888 761 3928 a
781 3888 789 3924 s
809 3862 1009 3932 nfecta
1061 3863 1423 3948 (Sanchez
1473 3861 1667 3947 ibid.)

837 3972 944 4038 529.
1011 3967 1251 4037 Tertia
1302 3988 1566 4054 eausa,
1637 3989 1910 4056 nempe
1968 3968 2221 4038 odiam
2283 3969 2752 4059 implacabile
2798 3971 2992 4040 incer
3050 3991 3209 4040 con·

753 4080 970 4156 swas,
1019 4115 1065 4123 —
1112 4078 1320 4157 Quae
1366 4096 1409 4145 a
1459 4076 1837 4145 nonnullis
1888 4079 2032 4145 DD.
2062 4078 2231 4146 utia
2259 4078 2598 4147 Sancbez
2625 4085 2697 4147 et
2731 4080 3026 4167 Ursaya
3070 4080 3204 4164 (cit.

757 4184 954 4267 initis)
1005 4185 1481 4270 assignantur
1530 4188 1887 4270 tanquam
1933 4183 2235 4252 totidem
2286 4203 2565 4254 causae
2614 4186 2850 4255 iustae
2906 4186 3003 4255 ad
3049 4207 3210 4275 gra·

757 4304 925 4357 imm
960 4290 1533 4377 dispensationis
1562 4291 2065 4377 obtinendam,
2093 4311 2367 4379 nempe
2395 4293 2832 4378 inimicitiae,
2862 4294 3053 4381 odia,
3074 4295 3206 4362 dis-

897 4524 905 4560 ¹
952 4524 1043 4583 De
1090 4525 1400 4583 matrim..
1442 4526 1547 4581 lib.
1598 4524 1661 4581 2.
1710 4525 1960 4600 disput.
2010 4527 2196 4584 XVI.
2248 4547 2314 4585 n.
2368 4527 2429 4585 5.

889 4622 909 4658 ²
953 4622 1263 4682 Sanchez:
1313 4623 1405 4681 De
1449 4631 1642 4680 matr.
1697 4623 1805 4681 lib.
1857 4625 1976 4684 [X.
2026 4625 2275 4700 disput.
2332 4626 2437 4684 94.
2491 4647 2556 4685 n.
2607 4629 2723 4688 21.
