3509 5317
683 539 862 598 -123⁴..

157 693 282 763 neque
307 663 432 747 tamen
458 677 604 764 coniugi
629 677 812 763 baptizato
837 677 1070 763 perniciosus
1094 677 1238 762 existat,
1263 696 1390 745 cuma

157 781 230 852 flde
243 784 473 869 avertenda,
487 791 562 854 aut
585 784 632 854 ad
658 788 855 871 peccatum
881 783 1037 853 mortale
1073 784 1390 872 pertrahendo...

157 895 245 959 tunc
269 892 550 976 expectandum
576 891 700 961 adhuc
724 910 808 960 esse
834 910 901 979 per
924 898 1106 960 semestre
1132 892 1393 977 tempusassi-

156 997 231 1064 due
256 995 308 1065 de
331 1015 404 1065 sua
426 996 571 1066 interim
595 999 842 1066 conversione
866 996 1160 1067 admonendum.
1177 997 1286 1067 -Sed
1304 1016 1393 1084 quo·

73 1136 76 1141 >
157 1103 259 1171 niam
285 1115 368 1172 tum
394 1103 603 1188 periculum
628 1122 760 1171 recens
783 1105 955 1173 conversi
979 1098 1191 1173 ‘cavendum
1217 1110 1282 1189 est,
1309 1104 1392 1172 utsi

156 1212 219 1289 diu
246 1212 499 1299 permanserit
520 1212 556 1278 in
582 1218 662 1279 toro
686 1208 868 1297 infidelis,
906 1210 1019 1280 fldem
1056 1210 1188 1281 Christi
1224 1209 1393 1280 fortassis

156 1320 303 1388 amittat
305 1368 358 1386 .....
360 1372 369 1405 ,
392 1326 474 1388 tum
498 1337 587 1388 vero
613 1318 766 1389 libertati
800 1318 897 1386 illius
933 1317 1208 1388 consulendum
1243 1328 1320 1404 est,
1344 1336 1392 1386 ne

156 1426 312 1497 caelebs
335 1428 460 1495 vivere
482 1435 693 1514 cogatur....;
718 1425 855 1495 idcirco
878 1426 1127 1512 decemimus,
1146 1431 1185 1495 ut
1204 1430 1392 1495 transacto

156 1552 228 1602 sex
253 1534 444 1602 mensium
467 1532 586 1620 spatio
611 1552 673 1602 res
688 1533 735 1603 ad
754 1532 981 1620 Episcopum
998 1531 1194 1618 deferatur,
1211 1533 1276 1620 qui
1298 1532 1392 1599 bene

157 1649 357 1727 perspecta
382 1659 508 1725 causa,
534 1638 632 1709 fideli
657 1639 827 1725 declaret
853 1640 1000 1727 copiam
1025 1658 1111 1710 esse
1134 1639 1233 1709 aliud
1268 1636 1391 1708 matri-

158 1747 333 1816 monium
358 1748 552 1817 ineundi....
577 1747 730 1829 -Quod
755 1749 785 1816 si
810 1747 956 1816 nullum
989 1767 1074 1817 esse
1110 1746 1318 1834 periculum
1355 1744 1390 1811 in

155 1859 432 1928 cohabitatione
457 1858 595 1944 viderit,
619 1859 745 1928 iubeat
768 1864 967 1946 expectare
992 1855 1190 1941 infidelem,
1209 1854 1267 1924 vel
1281 1853 1390 1923 etiarn

157 1969 334 2037 consulat
356 1966 570 2037 cohabitare
593 1967 624 2032 si
648 1965 830 2052 prodesse
853 1964 1029 2052 intelligat
1052 1965 1152 2031 iuxta
1180 1961 1283 2029 Pauli
1307 1978 1394 2046 apo·

158 2075 240 2145 stoli
266 2072 470 2144 eonsilium.
493 2075 667 2159 -Neque
695 2073 793 2142 enim
831 2076 952 2160 potest
986 2071 1164 2139 omnibus
1198 2068 1391 2138 conversis

157 2183 296 2253 eadem
320 2182 382 2251 lex
406 2180 577 2269 praefigi,
612 2200 699 2250 cum
736 2185 935 2250 occurrant
968 2177 1132 2267 proiecto
1169 2179 1294 2248 variae
1327 2177 1391 2263 cir·

157 2282 418 2376 cumstantiae‚
444 2308 566 2376 neque
589 2290 635 2358 sit
657 2289 827 2359 omnium
844 2287 1047 2358 infidelium
1064 2287 1197 2359 eadem
1224 2285 1345 2355 ratio»
1368 2284 1390 2350 ¹.

225 2402 282 2468 51.
309 2399 348 2465 ln
373 2416 465 2466 casu
494 2404 629 2481 autem,
665 2415 741 2484 quo
778 2397 925 2484 coniugi
961 2396 1008 2465 ad
1043 2394 1158 2465 iidem
1194 2411 1388 2477 converso,

159 2506 474 2576 concurrentibus
496 2506 544 2574 ad
568 2505 603 2573 id
627 2505 810 2574 adiunctis
834 2508 869 2573 et
892 2505 1089 2592 regionum
1114 2502 1292 2584 moribus
1315 2519 1393 2587 per·

161 2616 279 2684 missa
305 2612 411 2683 luerit
434 2614 607 2685 habitatio
630 2630 719 2682 curn
736 2612 850 2681 altero
868 2612 1026 2699 coniuge
1043 2608 1190 2696 infideli,
1209 2628 1283 2677 non
1311 2608 1393 2677 ideo

162 2740 251 2807 pars
276 2720 398 2790 fidelis
421 2721 588 2808 privatur
611 2720 802 2808 privilegio
819 2738 886 2806 per
902 2718 1124 2805 Apostolum
1143 2716 1391 2805 promulgato.

161 2829 287 2909 Quare
311 2828 342 2896 si
366 2847 455 2915 pars
477 2825 646 2914 infidelis,
672 2836 758 2914 post
791 2827 942 2914 longam
979 2826 1091 2895 etiam
1126 2830 1161 2894 et
1196 2821 1392 2911 pacificam

160 2935 473 3005 cohabitationem
499 2952 585 3002 cum
615 2934 774 3022 coniuge
808 2951 1016 3018 converso,
1052 2930 1192 3001 nedum
1228 2929 1393 3021 converti

163 3053 321 3126 recuset,
347 3042 414 3111 sed
439 3046 593 3110 conetur
616 3041 726 3111 etiam
750 3039 900 3110 fidelem
925 3038 1138 3127 pervertere
1162 3044 1225 3108 aut
1257 3043 1392 3125 pertra-

163 3149 252 3218 here
276 3148 324 3217 ad
349 3154 552 3233 peccatum,
579 3148 635 3217 vel
660 3148 692 3217 si
715 3168 737 3216 a
761 3149 920 3235 coniuge
944 3144 1042 3216 fldeli
1066 3144 1200 3215 iniusto
1223 3145 1389 3230 divertar,

161 3268 227 3325 aut
251 3257 344 3324 alias
368 3256 465 3325 ineat
487 3255 658 3342 nuptias:
683 3256 814 3342 poterit
837 3273 1047 3323 conversus
1072 3255 1122 3323 uti
1147 3252 1338 3351 privilegio
1357 3253 1389 3319 in

163 3360 333 3431 favorem
357 3361 442 3431 fidel
466 3380 662 3449 concesso,
687 3362 824 3431 scilicet
859 3361 1139 3431 matrimonium
1176 3378 1263 3429 cum
1292 3358 1391 3429 fideli

115 3528 120 3539 .
161 3468 257 3539 licite
282 3475 317 3538 et
341 3467 462 3538 aalide
485 3470 715 3555 contrahere,
741 3470 785 3538 lta
815 3475 853 3537 ut
869 3470 1004 3556 prioris
1020 3466 1180 3537 foederis
1201 3468 1393 3537 vinculum

167 3584 347 3664 perpetuo
370 3578 549 3647 solvatur.
573 3614 594 3625 -
618 3578 699 3645 Non
724 3583 849 3646 tamen
875 3577 1008 3663 poterit
1030 3575 1103 3644 hoc
1127 3577 1176 3643 uti
1202 3576 1392 3663 privilegio

164 3690 283 3753 tractu
310 3685 486 3771 temporis
501 3683 647 3771 fidelis,
674 3684 737 3772 qui
760 3683 1034 3771 abapostolica
1073 3682 1169 3752 Sede
1205 3683 1393 3769 dispensa·

166 3792 263 3862 tione
286 3792 434 3862 obtenta
459 3792 507 3862 ab
531 3791 797 3879 impedimento
814 3791 1038 3878 disparitatis
1054 3791 1187 3875 cultus
1207 3790 1394 3860 matrimo-

165 3900 269 3969 nium
295 3899 412 3968 inierit
435 3898 522 3969 ciam
548 3898 696 3968 infideli.
722 3900 801 3968 Hoc
825 3899 925 3968 enim
950 3899 1167 3986 coniugium
1199 3898 1395 3967 indissolu-

165 4006 235 4076 bile
260 4006 329 4075 erit
351 4026 427 4094 quo
451 4008 499 4076 ad
525 4007 727 4093 vinculum,
753 4015 788 4075 et
811 4007 936 4075 solum
953 4006 1302 4095 poteritaliquando
1320 4024 1395 4093 quo

165 4114 210 4182 ad
238 4121 362 4181 rrum
386 4112 549 4199 dissolvi,
574 4114 604 4183 si
629 4114 766 4183 scilicet
787 4114 990 4183 canonicae
1016 4119 1172 4202 urgeant
1194 4132 1333 4183 causae
1345 4112 1394 4182 ab

166 4220 290 4290 iudice
309 4221 558 4290 ecclesiastico
582 4222 856 4310 agnoscendae.
881 4258 900 4268 -
926 4221 1054 4308 ltaque
1079 4221 1114 4287 in
1139 4221 1323 4290 eiusmodi
1339 4238 1396 4289 ca·

166 4328 271 4397 sibus
298 4329 392 4399 haec
426 4331 630 4417 generatim
666 4348 756 4416 prae
791 4330 909 4397 oculis
945 4330 1118 4399 habenda
1153 4340 1209 4397 est
1245 4329 1396 4416 regula:

232 4550 240 4586 ¹
266 4546 355 4623 Apud
375 4546 571 4624 Pignatelli:
607 4545 896 4607 Constructionem
923 4551 1182 4617 canonicarum,
1216 4530 1295 4607 tom.
1322 4548 1353 4607 4.
1377 4582 1398 4594 -

167 4645 219 4704 cit.
244 4646 385 4704 consati.
415 4643 490 4703 189.
514 4664 549 4704 a.
576 4644 606 4704 7.
630 4664 716 4724 prop.
741 4647 793 4705 fin.
815 4663 893 4733 pop.
921 4645 1000 4707 284.
1023 4648 1077 4708 cit.
1102 4648 1176 4708 edit.
