3509 5317
683 553 836 613 ..51-

146 698 239 780 runt,
255 691 404 780 quoties
422 690 583 762 afiinitas
597 710 647 760 ex
660 691 820 780 legitimo
844 696 923 762 orta
944 690 1065 762 fuerat
1090 694 1326 763 matrimonio
1352 693 1373 762 ¹.

146 802 224 870 Hoc
247 801 359 887 enim,
384 804 424 869 ut
446 800 676 870 notatdivus
692 799 860 868 Thomas
885 798 1135 870 «affinitatem
1151 806 1284 871 causat
1298 820 1373 871 non

143 908 267 978 solum
293 910 437 978 ratione
453 906 616 977 carnalis
632 907 800 996 copulae,
818 907 886 977 sed
910 908 1021 978 etiam
1033 909 1174 978 ratione
1190 909 1375 980 societatis

144 1016 361 1104 coniugatis,
385 1014 598 1084 secundum
624 1033 740 1102 quam
764 1016 874 1086 etiam
901 1016 1180 1086 matrimonium
1197 1016 1375 1087 naturale

144 1133 236 1194 est»
262 1122 286 1191 ².

209 1235 265 1301 14.
290 1232 429 1302 Contra
451 1250 541 1302 vero
566 1231 667 1302 haud
693 1250 778 1300 raro
794 1232 995 1319 apostolica
1012 1231 1131 1302 Sedes
1147 1234 1376 1321 dispensavit

145 1340 181 1407 in
205 1340 328 1429 primo
352 1337 538 1410 affinitatis
564 1340 685 1428 gradu
712 1339 829 1409 lineae
850 1344 986 1427 rectae,
1011 1339 1163 1428 quando
1191 1341 1374 1411 eiusmodi

145 1446 307 1517 affinitas
330 1468 380 1518 ex
403 1446 537 1535 copula
563 1448 681 1516 oritur
697 1442 928 1535 fornicaria:
954 1466 1104 1534 «quam
1136 1448 1376 1536 dispensatio·

145 1576 243 1642 nem,
269 1561 310 1626 ut
332 1555 528 1643 Rigantius
552 1559 717 1633 testatur,
740 1573 836 1644 prae
859 1552 991 1625 ceteris
1015 1555 1166 1626 indulsit
1188 1576 1217 1625 s.
1236 1576 1285 1624 m.
1302 1557 1376 1627 Cle

146 1682 256 1734 mens
272 1663 324 1732 xi
348 1664 384 1731 in
409 1664 610 1732 Mazarien.
635 1663 736 1750 apud
762 1681 792 1731 s.
816 1664 976 1732 Mariam
1002 1664 1182 1734 maiorem
1206 1665 1279 1734 sub
1310 1684 1375 1733 an·

146 1773 235 1841 nuto
271 1770 468 1840 Piscatoris
502 1770 562 1841 die
595 1774 637 1840 13
668 1771 872 1856 iulii1708,
906 1771 1006 1840 etin
1036 1773 1240 1842 Faraonen.
1273 1775 1373 1860 apud
1444 1841 1445 1844 ,

145 1900 174 1949 s.
200 1881 359 1949 Mariam
384 1879 565 1949 maiorem
591 1879 665 1948 sub
695 1879 837 1949 annulo
873 1880 1072 1949 Piscatoris
1101 1881 1160 1951 die
1182 1884 1204 1951 5
1227 1883 1374 1970 augusti

147 1991 265 2059 1709»
291 1985 315 2053 ⁸.
355 1987 502 2056 Nedum
528 2005 617 2075 ergo
654 1987 689 2055 in
720 1987 885 2074 interna,
910 1988 1112 2057 sedetiam
1148 1991 1182 2057 in
1219 1994 1375 2061 externo

145 2094 226 2165 foro
259 2096 454 2165 consuevit
489 2093 693 2182 aliquando
724 2093 927 2182 apostolica
960 2095 1077 2165 Sedes
1100 2095 1329 2183 dispensare.
1353 2138 1376 2146 -

147 2204 269 2272 Huius
292 2209 418 2273 autem
444 2202 616 2272 diversae
636 2203 765 2289 praxis
782 2203 873 2271 ratio
890 2221 957 2289 per
974 2195 1140 2289 se'patet.
1165 2204 1258 2273 Cum
1276 2205 1374 2274 enim

146 2309 306 2380 affinitas
330 2328 379 2379 ex
402 2315 487 2379 actu
510 2308 707 2379 fornicario
731 2328 805 2379 non
831 2310 877 2379 ita
903 2308 1063 2396 perfecta
1088 2311 1132 2381 sit
1150 2311 1200 2380 uti
1217 2331 1260 2382 ea
1278 2331 1375 2399 quae
1404 2345 1408 2353 ·

147 2438 195 2488 ex
219 2419 382 2507 legitimo
406 2422 442 2486 et
456 2422 725 2487 consummato
741 2418 913 2504 provenit
936 2418 1184 2506 matrimonia,
1201 2439 1318 2507 quum
1337 2427 1377 2491 ut

146 2545 268 2614 nuper
291 2530 460 2594 notatum
486 2531 552 2612 est,
578 2525 614 2592 in
640 2524 700 2593 illo
726 2525 814 2594 unio
837 2530 981 2594 tantum
1006 2543 1220 2612 corporum,
1247 2527 1281 2595 in
1307 2528 1375 2596 isto

145 2640 271 2703 autem
296 2632 456 2702 societas
480 2632 590 2701 ctiam
619 2632 800 2702 habeatur
813 2633 849 2701 in
866 2650 1109 2702 communem
1125 2635 1252 2720 vitamp
1273 2636 1318 2704 ita
1338 2640 1377 2703 ut

146 2740 351 2828 privignus
377 2740 559 2828 privigna,
584 2759 699 2828 gener
723 2745 760 2809 et
783 2759 903 2809 nurus
927 2738 1008 2809 loco
1027 2750 1224 2827 parentum
1241 2742 1378 2811 habue-

145 2849 215 2917 rint
228 2853 264 2917 et
280 2848 566 2934 recognoverint
584 2848 765 2934 vitricum,
779 2865 995 2934 novercam,
1011 2866 1198 2934 socerum,
1211 2867 1375 2936 socrum,

146 2956 231 3024 hino
255 2973 332 3023 non
356 2954 507 3042 expedit
531 2960 571 3024 ut
599 2957 701 3042 Papa
727 2956 927 3042 dispenset,
945 2974 993 3026 ne
1010 2956 1155 3042 publica
1172 2957 1313 3026 oriatur
1329 2958 1378 3025 in·

144 3062 310 3133 decentia
337 3069 372 3132 et
394 3062 585 3149 publicum
615 3063 849 3132 scandalum.
873 3100 895 3112 -
918 3065 967 3131 At
989 3068 1257 3151 contrarieque
1279 3065 1378 3133 inde

144 3171 261 3240 centia
290 3188 413 3257 neque
436 3170 662 3240 scandalum
690 3170 806 3239 oritur
829 3188 949 3258 quum
966 3170 1126 3241 Ecclesia
1146 3171 1319 3260 indulget,
1338 3179 1378 3243 ut

144 3279 230 3366 quis
254 3279 373 3366 possit
396 3278 535 3347 ducere
561 3280 724 3364 Bertam,
749 3278 913 3364 exempti
937 3277 1064 3367 gratia,
1088 3279 1197 3347 cuius
1220 3279 1279 3349 iile
1304 3299 1378 3350 ma·

145 3395 241 3456 trem
265 3384 461 3455 fornicarie
484 3391 728 3474 cognoverat,
754 3385 839 3472 quia
865 3387 973 3454 Berta
1007 3383 1247 3455 fornicarium
1272 3387 1375 3457 illum

145 3510 216 3562 neo
239 3492 322 3561 ioco
346 3494 462 3580 patris
486 3492 627 3578 habuit,
653 3510 723 3561 nec
747 3492 783 3559 in
801 3498 945 3579 patrem
970 3493 1186 3579 recognovit
1210 3491 1240 3580 ⁸3
1274 3494 1378 3562 dum·

145 3598 260 3669 modo
291 3603 416 3668 tamen
448 3599 656 3686 periculum
689 3604 867 3668 caveatur
895 3617 942 3666 ne
976 3599 1167 3685 propriam
1200 3598 1315 3670 filiam
1341 3603 1377 3670 in

215 3797 316 3858 10fr.
339 3797 523 3875 Rigantium
555 3799 612 3857 loc.
636 3800 690 3856 cit.
719 3796 770 3855 ubi
795 3815 855 3854 nu.
882 3794 994 3850 25-27
1018 3798 1160 3875 exempla
1181 3816 1217 3856 ac
1239 3799 1379 3859 testimo·

146 3899 198 3957 nia
220 3899 251 3957 in
282 3898 415 3956 medium
441 3896 536 3957 affert
560 3896 731 3972 denegatae
760 3894 849 3954 huius
878 3894 1114 3971 dispensationis
1142 3895 1180 3953 ab
1208 3896 1379 3973 apostolica

146 3996 236 4069 Sede,
259 3996 505 4072 suffragantibus
525 3995 631 4073 magni
652 3995 786 4054 nominis
807 3994 897 4065 viria,
914 4012 988 4069 quos
1010 3995 1092 4054 inter
1112 3995 1290 4056 eminebant
1304 3997 1379 4057 Oar-

145 4095 261 4155 dinalis
283 4095 328 4154 De
350 4096 439 4168 Lupo
461 4099 493 4155 et
513 4095 773 4162 Lambertiniua,
793 4097 901 4171 postea
923 4093 1106 4153 Benedictus
1127 4095 1213 4167 XIV,
1235 4096 1288 4172 qui
1309 4116 1379 4156 can-

145 4199 285 4266 suerunt‚
307 4211 467 4253 romanum
487 4193 669 4253 Pontificem
685 4210 772 4270 posse
793 4191 915 4268 quidem
931 4191 1118 4270 dispensare,
1136 4195 1187 4254 sed
1209 4213 1267 4254 non
1289 4214 1380 4273 expe·

145 4291 212 4351 dire
226 4292 266 4349 ob
282 4290 450 4349 maximam
465 4290 553 4350 illius
567 4289 791 4350 coniunctionis
806 4290 1040 4366 turpitudinem.
1051 4322 1089 4336 -
1099 4292 1232 4370 idipsum
1245 4296 1379 4353 testatur

147 4391 226 4449 idem
249 4390 407 4450 Benedici.
431 4389 507 4449 XIV
528 4390 560 4473 in
584 4391 638 4467 Op.
665 4389 705 4448 de
728 4389 857 4463 Synodo
882 4390 934 4448 tib.
962 4387 992 4449 9.
1016 4408 1087 4465 cap.
1118 4390 1168 4449 13.
1194 4410 1229 4450 a.
1247 4390 1279 4451 4.

216 4486 284 4548 ²8.
308 4487 443 4548 Thomas
465 4490 502 4544 iu
525 4485 557 4545 4.
583 4489 668 4562 disp.
695 4485 751 4547 41.
776 4485 810 4549 Q.
839 4487 867 4545 1.
894 4494 956 4546 art.
986 4488 1014 4545 1.
1039 4507 1067 4564 q.
1093 4487 1125 4547 4.
1150 4490 1194 4547 ud
1216 4488 1248 4549 2.

211 4584 415 4663 ³Rigantius
438 4585 459 4641 l.
482 4602 509 4643 c.
534 4602 569 4641 n.
594 4582 650 4641 28.

212 4682 225 4720 ⁴
245 4680 415 4759 Rigantius
438 4681 460 4738 i.
484 4697 511 4739 c.
535 4699 569 4740 o.
594 4679 650 4739 29.
