3509 5317
1666 483 2078 554 '—360-

670 628 817 698 sub
863 628 1137 698 dubio:
1187 629 1308 697 An
1338 632 1623 698 constet
1667 627 1762 698 de
1794 627 2133 698 nullitate
2169 627 2634 699 matrimonii
2677 627 2753 698 in
2798 647 3014 715 casu,
3055 648 3150 699 re

672 743 965 807 mature
1012 736 1379 821 discussa,
1414 755 1868 824 responsum
1904 737 2190 824 prodiit,
2239 738 2358 807 die
2393 738 2479 806 18
2524 736 2702 806 iunii
2753 738 2966 806 1859:
3013 739 3079 804 Α
3090 736 3156 816 fi

676 839 1083 928 firmative,
1136 840 1393 931 firmis
1448 841 2006 913 remanentibus
2067 840 2354 912 iuribus
2382 840 2736 929 filiorum
2779 847 3016 932 prout
3062 847 3150 912 et

671 959 1043 1041 quatenus
1068 950 1161 1021 de
1190 949 1376 1022 iare.
1427 952 1682 1022 Habes
1715 953 1860 1022 hoc
1906 952 2261 1040 exemplo
2293 952 2622 1041 puellam
2671 951 2955 1020 dolosis
2993 951 3152 1020 sol-

672 1060 1187 1131 licitationibus
1234 1061 1442 1148 prius
1487 1060 1851 1146 allectam,
1885 1061 2154 1131 deinde
2203 1079 2384 1131 vero
2423 1062 2724 1131 structis
2774 1060 2994 1130 veluti
3032 1079 3159 1130 re·

673 1169 891 1255 tibus,
957 1169 1334 1256 inopinato
1393 1188 1435 1238 e
1496 1176 1834 1255 materna
1906 1168 2134 1238 domo
2194 1168 2617 1252 abductam,
2679 1187 2833 1256 quo
2895 1169 3154 1239 hostili

672 1276 885 1365 facto,
946 1277 1508 1349 matrimonium
1573 1277 1790 1347 veluti
1849 1278 2363 1348 necessarium
2413 1276 2729 1346 devenit.
2781 1279 2997 1360 Quod
3046 1275 3157 1348 fa-

671 1390 873 1455 ctum
923 1385 1479 1456 similitudinem
1526 1385 1750 1454 habet
1785 1403 1959 1453 cum
1993 1403 2086 1454 eo
2112 1385 2315 1472 quod
2349 1403 2583 1471 supra
2631 1383 3149 1471 exposuimus

673 1493 747 1560 in
795 1510 1027 1561 causa
1078 1488 1563 1576 matrimonii,
1616 1491 1689 1559 in
1739 1510 1890 1579 qua
1924 1491 2194 1579 puella,
2240 1491 2813 1563 machinationis
2859 1490 3151 1580 ignara,

672 1599 744 1666 in
795 1616 1070 1668 manus
1133 1597 1266 1666 viri
1334 1599 1676 1685 rapinam
1742 1597 2166 1668 meditantis
2213 1597 2650 1684 devenerat,
2699 1615 2944 1684 eaque
2989 1596 3149 1666 sub

673 1705 808 1773 viri
840 1709 1201 1793 potestate
1234 1704 1515 1794 dolosis
1547 1705 1836 1775 artibus
1886 1710 2187 1792 retenta,
2223 1710 2303 1775 ut
2335 1704 2811 1776 induceretur
2846 1704 2942 1773 ad
2979 1721 3147 1773 ma·

675 1811 1107 1881 trimonium
1154 1810 1776 1882 contrahendum.

808 1919 918 1987 22.
951 1919 1067 1987 Ex
1091 1918 1369 2006 quibus
1395 1919 1768 2005 omnibus,
1799 1937 1888 1988 ea
1922 1936 2120 2006 quae
2151 1923 2476 2006 quatuor
2499 1917 2887 1987 innuimus
2914 1918 3150 1987 huius

677 2024 1229 2113 disceptationis
1258 2024 1481 2094 titulis
1508 2025 1585 2093 in
1637 2043 1878 2094 unum
1914 2024 2364 2114 colligentes,
2397 2023 2739 2093 concludi
2775 2041 3004 2110 posse
3038 2024 3144 2091 vi·

672 2130 925 2200 detur:
978 2130 1029 2198 Ι.
1069 2136 1367 2218 raptum
1401 2132 1530 2219 qui
1558 2133 1780 2202 cadat
1807 2133 1954 2202 sub
1986 2130 2286 2202 decreto
2319 2130 2614 2202 Concilii
2664 2148 2817 2199 non
2853 2131 3143 2217 haberi,

675 2239 980 2326 quando
1029 2238 1490 2326 praecedunt
1520 2244 1823 2327 raptum
1863 2238 2400 2309 concludentes
2448 2244 2803 2308 tractatus
2850 2238 2948 2308 de
2991 2255 3158 2308 ma·

691 2346 1032 2425 trimonio
1064 2345 1412 2415 ineundo.
1462 2347 1623 2417 Hoc
1667 2347 1867 2416 enim
1917 2364 2103 2417 casu
2151 2347 2264 2415 vir
2310 2347 2428 2416 ius
2475 2346 2698 2416 habet
2742 2347 2840 2415 ad
2890 2345 3159 2416 mulie-

678 2471 840 2522 rem
875 2453 1014 2522 sibi
1045 2454 1681 2542 desponsandam,
1717 2461 1791 2525 et
1820 2455 2090 2526 mulier
2123 2460 2414 2525 tenetur
2461 2454 2936 2524 matrimonio
2967 2471 3149 2523 con-

677 2559 973 2629 sentire.

811 2666 893 2734 ΙΙ.
943 2668 1202 2755 Neque
1250 2669 1454 2738 hunc
1501 2674 1803 2756 raptum
1852 2667 2237 2755 verificari,
2273 2669 2334 2737 si
2372 2669 2483 2737 vir
2529 2669 2692 2738 sine
2737 2667 2935 2756 dolO,
2986 2687 3156 2738 mu·

678 2774 933 2844 lierem
984 2793 1084 2844 ex
1128 2777 1471 2846 condicto
1521 2778 1868 2864 abducat,
1917 2796 2016 2848 ex
2062 2795 2154 2846 eo
2203 2776 2406 2865 quod
2455 2780 2816 2848 tractatus
2861 2777 2958 2845 de
2991 2795 3155 2846 ma-

677 2883 1025 2952 trimonio
1072 2902 1172 2953 ex
1217 2892 1614 2972 parentum
1649 2886 2114 2975 oppositione
2147 2904 2299 2955 non
2349 2886 2725 2973 potuerint
2771 2885 3149 2957 concludi.

810 2989 926 3057 111.
974 2992 1236 3079 Neque
1284 2991 1649 3063 verificari
1679 2999 2030 3086 raptum,
2082 2994 2145 3062 si
2193 3011 2344 3062 non
2395 2994 2510 3061 vir
2553 2993 2687 3062 sed
2726 2993 2996 3063 mulier
3046 2995 3149 3062 vi—

679 3116 849 3166 rum
884 3098 1400 3187 sollicitaverit,
1439 3107 1517 3171 ut
1551 3101 1650 3170 ab
1682 3119 1772 3170 eo
1803 3101 2327 3173 abduceretur.
2362 3100 2442 3170 In
2476 3100 2595 3169 his
2626 3099 2934 3170 duobus
2968 3103 3159 3171 casi-

679 3206 844 3293 bus,
894 3206 1206 3278 dicenda
1253 3212 1366 3277 est
1410 3210 1658 3296 potius
1692 3206 1869 3296 fuga
1899 3206 2235 3277 mulieris
2269 3226 2442 3277 cum
2494 3207 2677 3290 vire,
2727 3212 2809 3276 ut
2839 3207 3151 3276 liberius

682 3312 1243 3382 matrimonium
1292 3316 1752 3400 contrahant,
1803 3333 2036 3402 quam
2089 3322 2369 3401 raptus,

816 3420 935 3488 IV.
984 3422 1043 3489 E
1088 3426 1349 3490 contra
1394 3433 1694 3509 raptum
1740 3420 2104 3493 verificari
2151 3423 2212 3492 si
2264 3422 2531 3491 mulier
2575 3420 2863 3491 insidiis
2907 3426 2982 3491 et
3009 3419 3141 3490 do·

680 3527 860 3597 losis
920 3527 1553 3598 sollicitationibus
1615 3529 2037 3600 meditantis
2109 3529 2487 3618 rapinam,
2549 3527 3012 3613 abducatur,
3064 3534 3145 3596 ut

678 3635 1148 3717 deindesssub
1211 3637 1535 3723 raptoris
1595 3636 1891 3706 influxu
1945 3638 2016 3704 in
2091 3634 2652 3705 matrimonium
2713 3633 3139 3703 consentire

679 3749 1012 3831 cogatur.
1506 3829 1510 3832 .

811 3856 921 3922 23.
971 3851 1191 3920 Hisce
1223 3850 1578 3920 omnibus
1608 3855 1956 3921 accurate
1981 3851 2392 3939 perpensiS,
2416 3854 2490 3918 et
2534 3853 2810 3919 attento
2843 3848 3143 3919 decreto

681 3960 974 4029 Concilii
1023 3959 1420 4029 Tridentini
1454 3979 1631 4028 sess.
1677 3961 1798 4027 24.
1846 3978 1906 4028 c.
1943 3960 2007 4027 6.
2054 3957 2148 4027 de
2193 3956 2505 4047 reform.
2552 3958 2783 4024 matr.
2831 3975 2984 4026 non
3032 3960 3151 4026 est

680 4067 994 4136 dicenda
1041 4065 1309 4135 saitem
1357 4072 1509 4136 tuta
1558 4085 1822 4136 eorum
1888 4065 2248 4136 sententia
2297 4064 2427 4151 qui
2475 4062 2747 4133 docent
2792 4061 3147 4133 sufficere

681 4174 922 4245 solam
967 4172 1328 4244 iniuriam
1373 4174 1809 4262 parentibus
1844 4174 2135 4261 puellae
2171 4172 2470 4254 illatam,
2519 4176 2603 4241 ut
2649 4168 2922 4240 mulier
2953 4170 3149 4240 dica·

685 4291 803 4355 tur
850 4287 1083 4372 rapta.

816 4391 1109 4476 Raptus
1155 4390 1352 4459 enim
1390 4388 2009 4476 impedimentum
2041 4388 2140 4458 ab
2186 4387 2516 4457 Ecclaeia
2563 4387 2956 4457 inductum
2991 4403 3147 4454 non

682 4502 797 4566 est
825 4496 918 4565 ad
951 4495 1479 4567 coarctandam
1512 4494 1807 4584 puellae
1831 4496 2244 4565 libertatem
2271 4495 2342 4562 in
2379 4493 2969 4577 matrimonium,
3005 4491 3149 4562 sed

682 4603 835 4672 imo
882 4602 978 4673 ad
1029 4602 1443 4673 libertatem
1505 4603 1957 4672 matrimonii
2016 4607 2299 4672 sartam
2363 4606 2789 4688 tectamque
2842 4617 3158 4670 servan·

3088 3 3509 509 ἚἾ
