3509 5317
1423 512 1785 571 —421—

372 650 589 738 diem,
640 671 1003 738 mensem,
1055 659 1126 723 et
1170 672 1482 740 annum,
1515 673 1655 725 nec
1702 673 1851 722 non
1892 673 2165 724 nomen
2217 653 2409 724 illius
2455 675 2497 724 a
2530 674 2680 742 quo
2716 678 2832 722 *fr-222

372 759 590 829 hibita
640 756 957 829 fuerunt.
1272 750 1282 758 ’

506 868 612 935 17.
648 867 722 936 Si
749 868 976 937 ambo
1009 869 1369 956 coniuges
1401 870 1816 939 concordes
1841 871 1911 938 in
1939 870 2522 957 depositionibus
2546 869 2832 945 fuerint„

372 975 799 1045 moderator
859 982 1197 1045 actorum
1246 984 1319 1047 et
1372 975 1721 1046 defensor
1771 979 2218 1047 matrimonii
2288 979 2553 1048 sedulo
2618 978 2832 1062 inspi-

371 1081 582 1165 ciant,
610 1090 861 1152 utrum
888 1083 1073 1155 inter
1115 1085 1423 1155 eosdem
1451 1084 1765 1153 collusio
1799 1085 2311 1155 intercesserit.
2354 1087 2513 1155 Hoc
2552 1087 2621 1153 in
2655 1106 2832 1154 (fiir-“tl

370 1188 657 1276 singula
695 1203 1132 1279 argumenta
1174 1198 1430 1262 contra
1464 1211 1726 1262 eorum
1765 1192 2263 1278 depositiones
2311 1212 2409 1261 ex
2470 1211 2824 1280 processu

372 1296 794 1367 resultantia
846 1298 1187 1370 distincte
1242 1300 1503 1370 iisdem
1556 1300 2032 1382 obiiciantur,
2084 1307 2166 1370 ut
2207 1299 2514 1386 fraude,
2572 1301 2633 1368 si
2688 1322 2832 1386 [lam

369 1399 603 1488 fuerit,
652 1404 956 1498 detecta,
994 1407 1293 1492 veritaS,
1329 1408 1578 1494 quoad
1615 1405 1775 1476 fleri
1825 1407 2079 1495 possit,
2112 1407 2431 1477 dilucide
2461 1418 2836 1495 apparant-

507 1512 611 1580 18.
661 1512 837 1580 Post
883 1512 1248 1600 coniuges
1317 1514 1583 1583 citandi
1635 1521 1850 1584 erunt
1913 1519 2139 1583 testes
2202 1513 2497 1599 inducti,
2548 1522 2836 1582 servatii

373 1636 633 1687 eorum
683 1621 1087 1689 examinari
1112 1621 1392 1690 dorum
1444 1623 1726 1691 ratione
1775 1624 2123 1709 superius
2169 1622 2559 1709 descripta,
2608 1628 2680 1690 et
2724 1642 2840 1686 avt-

372 1725 655 1812 quisitis
702 1726 799 1794 ab
838 1727 1097 1795 iisdem
1162 1728 1252 1797 iis
1289 1729 1575 1816 notitiis,
1612 1730 1704 1798 de
1738 1730 2016 1817 quibus
2047 1730 2379 1800 instructi
2426 1729 2840 1799 existimau-

370 1836 508 1900 tur.
561 1833 1179 1922 Interrogationes
1236 1835 1550 1924 singulis
1610 1835 2009 1921 faciendae,
2068 1843 2291 1926 prout
2350 1839 2844 1909 accusationis

370 1939 641 2026 titulus
691 1946 820 2010 aut
863 1941 1082 2011 allata
1136 1941 1517 2013 factorum
1554 1950 1628 2014 et
1656 1946 2383 2015 circumstantiarum
2433 1950 2836 2034 congeries.

374 2048 490 2117 vel
539 2048 697 2136 ipsa
753 2050 1045 2120 testium
1086 2050 1385 2122 indoles
1417 2058 1640 2140 atque
1670 2055 2042 2140 capacitas
2073 2055 2451 2141 requirere
2484 2053 2840 2130 videatur*

373 2157 746 2244 sagacitati
799 2164 1026 2246 atque
1062 2160 1499 2248 prudentiae
1544 2161 2039 2230 moderatoris
2098 2171 2437 2231 actorum
2485 2168 2555 2231 et
2602 2162 2840 2231 desmi-

371 2267 567 2334 soris
601 2265 867 2336 vinculi
920 2266 1481 2355 relinquuntur,
1532 2269 1655 2357 qui
1707 2268 1872 2339 illas
1918 2269 2367 2338 concinnare
2399 2287 2675 2358 augere
2720 2278 2836 2334 :sut

372 2373 818 2443 imminuere
866 2381 1245 2462 poterunt,
1306 2376 1722 2445 dummodo
1784 2389 2033 2447 tamen
2095 2394 2398 2464 semper
2438 2396 2530 2446 ea
2590 2382 2832 2444 omni:-

371 2480 859 2568 inquirantur,
911 2501 1105 2569 quae
1146 2483 1241 2551 ad
1294 2487 1573 2552 rectum
1613 2482 2142 2571 proferendum
2179 2483 2527 2554 iudicium
2556 2489 2684 2553 aut.
2728 2506 2840 2550 tn·-

371 2589 693 2659 cessaria
742 2594 871 2660 aut
919 2596 1337 2676 opportuna
1399 2596 1871 2661 censeantur.
2017 2655 2040 2676 ,

510 2699 613 2765 19.
665 2700 872 2780 Quae
921 2698 990 2763 in
1043 2698 1227 2767 actis
1281 2699 1773 2784 continentur,
1823 2699 2120 2782 nemini,
2171 2717 2265 2765 ne
2312 2698 2492 2784 ipsis
2539 2699 2836 2786 quidm]

372 2804 816 2892 coniugibus
879 2823 1312 2893 eorumque
1361 2804 1884 2875 defensoribus
1944 2811 2155 2875 erant
2212 2807 2832 2875 communicanda

373 2923 544 2985 ante
592 2932 1000 3004 processus
1050 2913 1657 3001 publicationem,
1694 2933 1844 2982 uno
1879 2921 2193 3001 excepto
2246 2913 2688 2984 matrimonii
2728 2914 2840 2978 tlu-

372 3020 688 3109 fensore,
752 3021 870 3091 cui
938 3021 1254 3091 liberum
1286 3021 1440 3093 .erit
1495 3039 1801 3108 semper
1864 3026 1937 3089 et
1994 3020 2633 3107 quandocumque
2675 3032 2832 3090 avus

361 3129 735 3216 inspicere
783 3135 854 3200 et
903 3129 1363 3200 examinare.

506 3241 614 3309 20.
664 3240 1050 3319 Quatenus
1120 3256 1299 3307 vero
1365 3246 1702 3307 actorum
1764 3237 2212 3306 moderatori
2283 3241 2413 3306 aut
2472 3234 2836 3306 defensuri

375 3345 822 3414 matrimonii
883 3346 1080 3415 nulla
1134 3344 1268 3414 alia
1334 3344 1671 3433 probatio
1740 3343 2187 3432 requirenda
2259 3343 2614 3429 videatur,
2669 3346 2840 3411 fimf-z

376 3453 801 3540 imponatur
859 3453 1387 3540 probationum
1437 3451 1867 3540 collectioni,
1934 3460 2004 3521 et
2073 3470 2482 3538 processus
2529 3451 2840 3538 publia-1⁷·-

377 3564 512 3644 tur,
563 3560 759 3632 edito
809 3561 952 3631 hac
1000 3581 1234 3648 super
1284 3580 1364 3632 re
1414 3560 1735 3638 decreto,
1788 3560 1884 3629 ab
1919 3561 2082 3646 ipso
2130 3559 2621 3642 moderatore,
2652 3578 2692 3627 a
2728 3562 2844 3622 :le--

375 3668 669 3740 fensore
719 3668 1189 3755 matrimonii,
1241 3676 1313 3738 et
1368 3689 1410 3738 a
1459 3668 1903 3737 cancellario
1951 3667 2515 3736 subscribendo

505 3781 614 3848 21.
663 3778 1044 3848 Publicato
1111 3796 1498 3864 processu,
1550 3776 1760 3846 locus
1830 3774 1958 3845 flet
2013 3774 2591 3858 defensionibuS‚
2653 3792 2840 3858 quus

377 3890 628 3972 partes
675 3885 767 3955 ad
819 3906 960 3954 sua
1011 3886 1173 3955 iura
1228 3885 1503 3955 tuenda
1554 3883 1922 3954 voluerint
1966 3882 2310 3972 allegare,
2358 3880 2544 3952 facta
2579 3880 2836 3948 iisdem

377 3992 718 4065 facultate
764 3994 1163 4064 adhibendi
1228 4012 1364 4063 eos
1426 3992 1884 4079 defensoreS,
1936 4010 2128 4080 quos
2192 3991 2630 4075 maluerint3
2692 3990 2840 4054 inm

378 4103 991 4190 praemonendae·
1050 4109 1271 4172 erunt
1316 4104 1411 4172 de
1460 4102 1602 4170 hoc
1651 4101 1845 4186 iure,
1911 4108 1993 4169 ut
2040 4099 2179 4168 lata
2235 4098 2617 4183 sententia,
2670 4098 2840 4163 iniu-

379 4214 536 4279 stae
583 4218 843 4279 contra
889 4229 1058 4280 eam
1110 4209 1551 4280 incusationi
1597 4214 1728 4279 aut
1773 4206 2276 4278 reclamationi
2338 4205 2582 4275 aditus
2637 4222 2844 4291 prm·-

377 4317 740 4388 cludatur.
789 4319 1287 4407 Allegationes
1349 4324 1599 4388 autem
1649 4318 1709 4386 si
1745 4317 1841 4387 ab
1890 4315 2149 4385 iisdem
2200 4314 2488 4383 oblatae
2548 4311 2836 4382 fuerim.

376 4426 1050 4497 communicandae
1117 4434 1338 4496 erunt
1385 4424 1759 4496 defensori
1809 4423 2077 4493 vinculi
2128 4421 2716 4502 matrimonialis,
2776 4434 2836 4482 ur

377 4552 507 4604 eas
553 4534 1006 4622 expendere,
1058 4539 1129 4602 et
1178 4538 1556 4622 quatenus
1603 4530 2050 4601 matrimonii
2105 4529 2544 4599 validitatem
2613 4528 2842 4614 inipu-

375 4646 623 4728 gnent,
661 4638 981 4710 refutare
1035 4641 1295 4710 valeat.
