3509 5317
1347 509 1703 571 -197-

298 649 785 735 probationes
831 650 992 719 erui
1047 648 1491 735 perspicuae
1538 655 1611 719 et
1655 649 2220 733 concludentes,
2272 654 2352 716 ut
2396 647 2493 716 de
2541 666 2765 735 passo

297 767 510 826 metu
558 756 1091 826 concludenter
1137 775 1225 825 ac
1273 760 1478 825 certo
1525 760 1833 826 constet.

438 864 604 932 Non
639 863 891 932 minus
922 862 1254 951 diligens,
1299 863 1451 930 imo
1482 861 2043 951 diligentissima
2079 862 2542 950 investigatio
2577 861 2761 930 insti-

299 972 584 1040 tuenda
632 976 747 1040 est
775 970 838 1039 si
870 971 964 1039 de
995 970 1528 1057 impedimento
1562 976 1829 1059 agatur
1862 968 2341 1060 impotentiae
2371 970 2467 1039 ad
2500 988 2765 1039 coeun÷

299 1079 515 1165 dum,
564 1099 656 1150 ac
683 1080 777 1149 de
808 1095 954 1146 non
987 1082 1244 1148 secuta
1278 1076 1741 1148 matrimonii
1783 1076 2423 1148 consummatione
2468 1078 2563 1147 ad
2597 1077 2769 1146 obti÷

299 1186 638 1257 nendam
699 1185 978 1255 summi
1045 1184 1418 1256 pontificis
1483 1187 2119 1274 dispensationem
2185 1207 2229 1257 a
2293 1187 2765 1256 matrimonia

297 1297 468 1363 rato
516 1311 667 1361 non
699 1298 1168 1363 consumam.
1206 1293 1394 1362 Hinc
1428 1299 1561 1377 est,
1590 1299 1672 1362 ut
1702 1311 1840 1380 pro
1874 1293 2243 1364 eiusmodi
2275 1293 2528 1363 causis
2559 1310 2769 1363 acca*

296 1401 617 1472 ratiores
664 1401 1051 1471 tradantur
1098 1401 1558 1489 apostolicae
1604 1401 1821 1471 Sedis
1869 1401 2420 1485 Instructiones,
2470 1419 2662 1486 quas
2693 1401 2761 1468 in

298 1509 739 1596 Appendice
814 1505 1132 1579 referam
1181 1508 1223 1595 ¹,
1309 1509 1586 1597 quibus
1661 1508 2154 1579 enucleantur
2225 1507 2765 1595 inquisitionea.

301 1615 941 1705 interrogationes,
992 1614 1493 1702 inspectiones
1542 1615 1837 1704 aliaque
1892 1615 2112 1703 plura
2163 1615 2258 1686 ad
2316 1619 2478 1686 acta
2535 1614 2606 1682 in
2661 1613 2769 1682 iis*

299 1723 480 1792 dem
517 1721 774 1793 causis
823 1722 953 1790 rite
984 1720 1505 1792 concinnanda
1556 1729 1782 1809 atque
1817 1722 2188 1810 explenda
2237 1722 2334 1792 ad
2384 1721 2765 1791 veritatem

298 1831 742 1901 eruendam.
2191 1873 2196 1879 ·

443 1939 521 2008 Si
570 1937 921 2007 iudicium
969 1938 1065 2007 de
1115 1938 1559 2007 matrimonii
1598 1937 1853 2007 valore
1886 1937 2305 2008 instituatur
2352 1936 2450 2006 ob
2497 1940 2769 2024 raptus

301 2042 953 2131 impedimentum,
1005 2043 1532 2132 inquirendum
1583 2043 1971 2130 imprimis,
2006 2061 2102 2111 an
2134 2045 2389 2129 aperta
2440 2042 2531 2128 vi,
2566 2041 2769 2110 nullu

304 2172 407 2222 ex
454 2153 815 2239 condict0‚
866 2150 1223 2240 nulloque
1258 2152 1751 2240 praecedente
1796 2150 1889 2221 de
1926 2149 2250 2220 ineundo
2300 2150 2769 2219 matrimonio

303 2264 625 2331 tractatu
673 2260 861 2330 inter
910 2265 1281 2347 raptorem
1337 2278 1427 2329 ac
1461 2265 1772 2347 raptam,
1824 2260 1935 2328 vir
1982 2259 2371 2329 mulierem
2424 2258 2765 2345 rapuerit„

303 2368 525 2451 Quod
574 2367 637 2435 si
686 2386 785 2437 ex
832 2366 1332 2437 accusationis
1379 2365 1624 2437 libello
1674 2366 1793 2437 vel
1841 2385 1940 2436 ex
1983 2365 2327 2436 institutis
2376 2365 2773 2455 interroga-

305 2475 634 2545 tionibus
667 2481 797 2543 aut
827 2473 1111 2543 iudiciis
1141 2473 1407 2561 aliquis
1439 2481 1801 2562 appareat
1826 2473 2160 2543 mulieris
2191 2473 2287 2544 ad
2321 2474 2434 2544 sui
2472 2476 2765 2561 raptum

305 2600 741 2673 consensus,
793 2581 1058 2652 sedulo
1106 2581 1635 2671 inquirendum
1675 2582 1813 2650 erit
1855 2600 1951 2651 an
2004 2585 2299 2668 raptum
2351 2598 2773 2667 praecesse-

308 2690 457 2759 rint
500 2688 1032 2759 concludentes
1078 2691 1172 2760 de
1222 2689 1698 2760 matrimonio
1732 2689 2063 2760 ineundo
2111 2693 2486 2776 tractatus
2524 2689 2637 2759 vel
2671 2708 2761 2757 an

309 2796 410 2867 ad
459 2795 911 2867 eludendam
973 2800 1371 2884 parentum
1436 2797 1982 2885 oppositionem
2032 2796 2144 2865 vir
2189 2797 2350 2866 sine
2395 2796 2569 2865 dolo
2619 2815 2773 2865 mu-

310 2905 569 2974 lierem
601 2924 718 2974 ex
763 2904 1103 2974 condicto
1159 2903 1561 2975 abduxerit
1604 2903 1698 2974 ad
1749 2905 2051 2992 nuptias
2097 2903 2634 2988 conciliandaS,
2682 2923 2769 2971 en

310 3013 429 3081 vel
479 3013 723 3101 magis
769 3013 832 3082 si
881 3013 1147 3082 mulier
1205 3013 1450 3083 virum
1503 3012 2004 3082 sollicitaverit
2053 3020 2133 3081 ut
2176 3013 2273 3084 ab
2321 3032 2411 3084 eo
2458 3013 2773 3083 abduca—

309 3127 538 3191 retur.
587 3122 701 3189 Ex
734 3121 849 3190 his
881 3122 1078 3190 enim
1114 3120 1272 3191 erui
1307 3119 1613 3209 quidem
1654 3123 1938 3207 poterit,
1974 3125 2235 3208 raptus
2267 3139 2360 3191 ne
2409 3121 2769 3190 habeatur

311 3227 439 3315 qui
486 3226 708 3296 cadat
768 3227 912 3296 sub
974 3227 1266 3297 Concilii
1317 3228 1653 3315 decretO,
1701 3248 1800 3298 an
1864 3228 2111 3315 potius
2141 3225 2343 3318 fuya
2388 3227 2484 3298 ad
2536 3226 2773 3297 matri·-

312 3336 653 3405 monium
705 3335 1007 3404 liberius
1068 3335 1687 3405 contrahendum.
1753 3335 2018 3424 Neque
2066 3335 2333 3404 minori
2388 3335 2773 3407 sedulitate

310 3441 912 3529 investigandum
963 3461 1060 3511 an
1101 3443 1222 3524 ‚vir
1274 3444 1674 3513 meditatus
1721 3440 1941 3512 fuerit
1997 3442 2357 3528 rapinam,
2407 3450 2631 3531 atque
2677 3446 2766 3512 ad

312 3569 485 3620 eam
533 3549 989 3636 explendam
1037 3551 1317 3620 insidiis
1366 3550 1798 3638 dolosisque
1846 3548 2478 3619 sollicitationibus
2527 3548 2777 3618 mulie-

312 3675 475 3726 rem
525 3655 941 3741 abduxerit,
1007 3662 1084 3724 ut
1138 3656 1304 3727 dein
1360 3657 1505 3727 sub
1567 3657 1913 3727 eiusdem
1973 3654 2291 3741 raptoris
2353 3654 2650 3724 influxu
2700 3658 2769 3722 in

315 3762 876 3831 matrimonium
924 3765 1344 3833 consentire
1391 3765 1786 3852 cogeretur
1819 3760 1865 3829 ².

445 3868 692 3951 Atque
728 3869 834 3935 -ita
894 3865 1389 3954 satagendum
1460 3867 1532 3934 in
1594 3865 1861 3935 ceteris
1923 3863 2470 3952 impedimentis
2535 3866 2773 3932 matri-

317 3972 660 4040 monium
689 3971 1225 4059 dirimentibuS,
1262 3979 1341 4042 ut
1371 3973 1466 4042 ad
1504 3971 1889 4042 veritatem
1923 3989 2022 4040 ex
2052 3970 2238 4040 actis
2271 3970 2516 4056 tutiuS‚
2542 3988 2769 4057 quau]

314 4081 473 4152 fleri
522 4080 806 4168 poterit,
853 4081 1289 4167 eruendam,
1342 4079 1956 4167 interrogationes
2003 4083 2227 4166 atque
2294 4078 2773 4165 investigatis]-

317 4207 454 4259 nes
485 4192 957 4276 opportunae
987 4185 1190 4273 flant,
1224 4205 1417 4275 quas
1448 4184 1956 4273 impedimenti
1995 4195 2258 4254 natura
2295 4181 2773 4273 suggesserit.

454 4443 472 4480 ¹
518 4440 819 4516 Append.
862 4437 1089 4500 2a..3a‚

447 4541 473 4579 ²
515 4540 650 4603 Ofr.
715 4539 1064 4614 Disceptat,
1129 4546 1442 4614 quartam
1525 4537 1715 4607 infra,
1781 4553 1860 4594 ex
1919 4553 2039 4612 qua
2082 4535 2376 4594 eiusmodi
2441 4533 2753 4612 investiga

321 4640 554 4702 tionum
600 4637 935 4698 necessitas
976 4637 1264 4698 elucebit.
