3509 5317
823 824 1003 905 CAPUT
1032 825 1061 901 Ι.

727 1003 776 1085 ne
805 1002 883 1085 tono
911 1009 1150 1104 competente.

390 1206 421 1272 1.
445 1203 538 1272 Cum
564 1200 747 1271 eiusmodi
772 1200 1068 1270 matrimoniales
1091 1203 1332 1289 quaestiones
1348 1203 1443 1272 inter
1459 1203 1556 1290 prin·

321 1311 424 1398 cipes
457 1308 668 1396 spirituales
698 1325 835 1376 causas
870 1313 1162 1395 accenseantur,
1188 1309 1326 1397 quippe
1356 1310 1404 1379 de
1435 1327 1556 1380 sacra·

323 1417 435 1486 menti
460 1421 594 1501 apator
618 1414 767 1502 valore,
793 1415 827 1484 in
853 1413 936 1485 foro
961 1421 1104 1485 tantum
1129 1416 1381 1486 ecclesiastico
1405 1436 1476 1486 seu
1498 1435 1556 1485 co

323 1545 405 1596 ram
430 1524 550 1594 iudica
573 1523 822 1594 ecclesiastico
846 1521 1025 1612 cognosci
1048 1522 1206 1611 debent3
1232 1524 1441 1611 etquidem
1473 1524 1555 1595 illas

322 1649 552 1720 cognoscere
574 1630 623 1702 ad
647 1631 875 1716 Episcopum
899 1628 1087 1719 privative
1117 1638 1275 1718 spectat,
1300 1649 1370 1700 seu
1394 1633 1443 1702 ad
1478 1633 1557 1718 Epi·

323 1739 515 1826 scopatam
539 1738 756 1826 dignitatem
774 1736 796 1824 ¹,
821 1740 869 1806 ita
888 1743 928 1806 ut
944 1756 1010 1808 eas
1033 1757 1264 1825 cognoscere
1287 1747 1478 1825 nequeant
1493 1742 1556 1807 Ar·

323 1848 538 1931 chidiaconi,
564 1847 701 1916 Decani
724 1846 859 1933 aliique
876 1847 1063 1933 Episcopo
1080 1843 1274 1916 interiores
1287 1846 1392 1915 iuxta
1407 1845 1557 1915 Triden-

323 1955 387 2024 tini
410 1954 623 2039 decretum,
648 1971 724 2040 quo
753 1953 993 2040 praecipitur,
1021 1959 1060 2021 ut
1090 1971 1230 2021 causae
1259 1949 1556 2021 matrimoniales

324 2062 499 2153 Episcopi
522 2065 668 2131 tantam
697 2058 871 2129 examini
897 2065 934 2128 et
965 2056 1211 2130 iurisdictioni
1232 2057 1471 2146 relinqantur
1488 2056 1511 2125 ².
1535 2097 1558 2105 —

215 2168 217 2171 ’
324 2175 367 2242 Et
389 2171 501 2259 aliqui
525 2170 613 2240 olim
636 2170 720 2255 DD,
746 2168 986 2256 quarundam
1012 2167 1048 2236 S.
1065 2166 1102 2236 C.
1119 2166 1267 2236 Concilii
1285 2165 1557 2235 resolutionum

323 2279 538 2351 auctoritate
568 2274 670 2363 freti,
702 2275 838 2345 docere
870 2273 1022 2362 quidem
1060 2279 1281 2361 potuerunt,
1314 2273 1556 2343 tridentinum

246 2460 250 2469 ,
323 2384 509 2454 eiusmodi
533 2384 725 2455 decretum
750 2401 826 2451 uon
858 2384 1025 2469 obstare,
1051 2382 1255 2469 quominus
1279 2380 1338 2451 alii
1369 2383 1557 2471 Episcopo

324 2491 516 2561 inferiores
540 2490 777 2561 ecclesiastici
801 2489 942 2559 iudices
960 2490 1252 2561 matrimoniales
1267 2509 1407 2567 causas
1422 2510 1559 2581 cogno·

325 2618 431 2669 scere
448 2599 622 2684 valerent,
640 2598 703 2667 ubi
720 2603 848 2667 essent
863 2597 899 2665 in
922 2597 1183 2668 immemoriali
1198 2599 1469 2669 consuetudine
1485 2619 1557 2671 seu
1625 2636 1632 2643 e

323 2707 576 2793 possessione,
600 2723 699 2793 quae
724 2705 843 2773 tribus
868 2703 1126 2773 conformibus
1148 2706 1348 2792 sententiis,
1367 2705 1425 2775 vel
1443 2707 1556 2777 etiam

323 2834 391 2902 per
416 2833 542 2901 unam,
568 2833 666 2901 quae
689 2813 874 2882 transierit
899 2811 933 2880 in
959 2830 1040 2880 rem
1064 2812 1274 2902 iudicatam,
1296 2834 1413 2901 quarn
1437 2814 1558 2884 tribus

323 2921 561 3010 aequivalere
589 2921 735 2990 censuit
762 2938 870 2990 sacra
904 2919 1149 3007 congregatio
1180 2921 1326 2991 Concilii
1344 2918 1373 3008 ⁸,
1399 2922 1559 3008 probata

323 3027 433 3098 fucrit
449 3028 472 3094 ⁸.
496 3066 519 3075 -
543 3027 597 3096 lta
619 3029 729 3097 etiam
754 3025 890 3096 docere
916 3028 1124 3114 quiverunt,
1150 3026 1249 3096 idem
1273 3027 1476 3097 Tridentini
1498 3029 1560 3098 de

391 3258 529 3318 ¹Sbroz.
568 3259 607 3317 de
638 3258 717 3333 offic.
747 3259 855 3317 Vicer.
895 3259 949 3318 lib.
984 3258 1016 3317 2.
1048 3266 1171 3334 qinneot.
1197 3257 1253 3317 42.
1279 3277 1311 3320 a.
1334 3260 1366 3317 6.
1390 3258 1508 3318 citatus
1537 3276 1557 3316 a

223 3362 226 3379 '
324 3358 474 3418 Laureolo
498 3358 553 3416 tto.
576 3355 609 3417 2.
633 3360 681 3417 tit.
706 3356 738 3416 2.
762 3358 801 3416 de
823 3359 893 3433 soro
916 3365 1113 3433 competente
1134 3366 1257 3434 qniaeet.
1285 3356 1362 3417 107.

390 3455 564 3515 2Tridem.
588 3474 665 3515 oenc.
691 3454 747 3514 24.
773 3475 845 3531 cap.
870 3456 925 3516 20.
947 3456 987 3513 de
1009 3457 1141 3529 reforio.

390 3554 456 3615 ³S.
481 3555 515 3615 Ο.
540 3554 671 3615 ὒοιιοίἰίἰ
697 3553 740 3610 12
774 3555 856 3628 febr.
886 3552 976 3610 1598
1006 3555 1084 3631 apud
1116 3555 1301 3615 (tellement.
1326 3555 1371 3613 ad
1406 3556 1459 3613 cit.
1486 3554 1560 3612 Tri·

324 3651 457 3710 deretini
477 3653 655 3711 decretam.
1065 3655 1070 3661 “

390 3750 517 3811 ⁴1uxta
547 3752 681 3809 eiusdem
704 3750 736 3810 S.
772 3750 805 3810 G.
840 3750 1083 3810 declarationem
1114 3749 1160 3805 22
1191 3754 1329 3810 ianuar.
1357 3747 1449 3808 1598
1477 3750 1559 3828 apud

323 3851 450 3909 eundem
472 3849 648 3909 Gollemert
670 3850 727 3908 loc.
745 3851 812 3916 cit„
832 3848 876 3907 sic
898 3848 1108 3908 decernentisz
1133 3867 1151 3908 ι
1167 3847 1294 3908 Censuit
1309 3847 1341 3907 S.
1359 3848 1394 3909 G.
1411 3847 1556 3917 Gonaifii,

324 3948 481 4008 «decreto
502 3946 637 4006 eiusdem
658 3945 790 4007 Ooncilii
813 3965 884 4021 cop.
898 3945 956 4006 20.
979 3964 1056 4004 cecc.
1073 3944 1130 4005 24.
1154 3964 1212 4004 non
1235 3963 1301 4005 assa
1323 3946 1478 4005 sublatam
1500 3945 1562 4004 im·

325 4065 343 4106 n
359 4046 569 4105 memorialem
591 4046 852 4117 consuetudinem,
869 4045 1032 4104 secundum
1054 4063 1146 4121 quom
1168 4045 1331 4105 inferiores
1346 4046 1494 4125 Episcopo
1508 4062 1561 4104 co·

324 4148 508 4220 agnoscunt
538 4161 647 4203 caueae
678 4143 927 4203 matrimoniales
947 4148 980 4203 et
1000 4143 1196 4216 criminalee;
1219 4144 1308 4219 idque
1336 4142 1364 4202 si
1385 4142 1560 4203 huiusmodi

325 4241 615 4302 ‹immemoriolem
636 4242 884 4302 consuetudinem
907 4242 1007 4302 tribus
1029 4241 1192 4301 sententiis
1219 4239 1428 4299 conformibus
1448 4240 1562 4316 proba-

325 4338 441 4411 ‹rint,
465 4357 523 4397 non
554 4357 620 4399 esse
653 4338 859 4416 impediendos
888 4358 956 4399 eam
985 4357 1174 4399 exercere».
1196 4338 1327 4416 -Apud
1358 4337 1558 4411 Laurenium,

326 4445 419 4495 tract.
443 4437 483 4495 de
509 4437 652 4495 Vz'cariie
676 4438 914 4513 Episcoporam
948 4447 1005 4497 etc.
1029 4444 1155 4514 quaeat.
1173 4436 1253 4494 646.
1278 4436 1318 4494 de
1340 4436 1505 4495 e'ariodict.
1530 4444 1564 4494 et

323 4543 435 4613 potest.
459 4535 595 4593 Arola'd.
618 4536 716 4595 citato
742 4536 914 4613 Pignatelli
937 4544 1011 4593 tim.
1036 4536 1069 4594 4.
1093 4536 1234 4594 romoalt.
1260 4534 1317 4595 35.
1340 4538 1374 4594 et
1398 4541 1472 4592 tom.
1500 4534 1560 4595 10.

325 4635 465 4695 consult.
489 4633 545 4693 67.
571 4653 604 4693 a.
627 4632 685 4695 22.
