3509 5317
1402 539 1761 603 ...133-

538 676 608 744 in
657 675 1030 764 aliquibus
1085 673 1390 764 Imperii
1443 673 1799 744 Rusciaci
1840 675 2269 762 provinciis;

536 785 737 869 apud
790 785 1203 853 Rathenos.

538 890 897 961 Servatur
941 896 1196 961 autem
1235 896 1314 960 ut
1346 891 1642 959 Concilii
1676 890 2058 960 decretum
2095 891 2193 960 ab
2226 888 2816 959 immemorabii'a.

352 1000 707 1086 quamvis
754 999 848 1067 de
896 998 1235 1069 eiusdem
1291 997 1897 1087 promulgatione
1942 1017 2092 1067 non
2142 1002 2428 1068 constet
2478 994 2545 1081 ¹;

535 1106 608 1173 in
673 1104 1194 1175 Transiloania
1241 1126 1329 1176 ac
1401 1106 1805 1193 praecipue
1870 1106 1941 1174 in
2004 1103 2532 1174 archidioecesi
2594 1102 2820 1192 Fogfs-

352 1213 629 1282 ras-sien.
678 1225 751 1282 et
795 1211 1030 1281 Albae
1081 1212 1363 1298 Iullen„
1420 1215 1491 1282 in
1529 1232 1684 1301 qua
1713 1214 2000 1301 degunt
2029 1213 2279 1301 graeci
2312 1211 2487 1281 uniti
2524 1212 2812 1280 rumam

354 1323 541 1391 ritus
587 1326 660 1392 et
703 1321 950 1409 graeci
998 1321 1492 1408 schismatici3

533 1429 610 1496 in
658 1425 1032 1517 Bulqaria
1077 1432 1149 1498 et
1220 1425 1604 1514 Valaehia,
1664 1428 2067 1515 praecipue
2113 1428 2186 1496 in
2234 1426 2522 1496 civitate
2582 1423 2820 1493 ΒιιΙΞε]ἡ

355 1541 529 1606 rest.
575 1572 620 1583 —
669 1533 715 1602 ².

535 1644 740 1711 Asu.
2192 1696 2198 1703 .

536 1748 700 1817 Fuit
746 1748 1314 1836 promulgatum
1352 1748 1760 1818 Tridentini
1794 1747 2175 1818 decretum
2208 1747 2282 1815 in
2318 1747 2544 1817 Indiis
2591 1747 2816 1816 03111111Ι

352 1854 648 1942 talibus
696 1856 1006 1926 scilicet:

535 1963 607 2030 in
658 1961 910 2048 Indice,
962 1982 1053 2033 ac
1104 1964 1505 2051 praecipue
1552 1963 1631 2030 in
1681 1963 2215 2033 archidioecesi
2267 1961 2577 2047 Goana;

533 2070 606 2137 in
664 2069 819 2138 Ora
855 2067 1383 2139 Malabarzca·
1348 2123 1376 2155 ,

350 2287 680 2344 contracta
718 2287 784 2343 et
824 2283 1269 2354 contrahenda,
1318 2301 1436 2342 non
1478 2274 1980 2344 servata”forma
2021 2283 2284 2344 Concilii
2326 2283 2498 2344 Trid.
2532 2284 2595 2342 in
2642 2283 2812 2344 loci-n

352 2384 417 2442 in
460 2383 680 2459 quibus
722 2382 856 2440 sive
899 2381 1243 2442 Concilium
1289 2381 1462 2441 Trid.
1511 2382 1644 2441 sive
1712 2388 1906 2441 ettam
1950 2381 2081 2440 eius
2144 2381 2455 2441 decretum
2498 2398 2652 2442 sess·
2702 2380 2808 2436 ,ΞΡ-1,

350 2499 498 2556 cap.
545 2480 599 2539 1.
635 2479 714 2538 de
745 2481 941 2553 refer.
980 2480 1189 2541 forsan
1222 2479 1347 2539 fuit
1375 2480 1860 2557 promulgatum,
1892 2479 2019 2539 alio
2050 2496 2165 2537 non
2210 2482 2612 2538 concurrente
2642 2496 2812 2536 cam·-

351 2578 492 2638 nico
535 2577 995 2655 impedimento,
1042 2577 1329 2654 quamvis
1373 2577 1627 2648 illicita,
1676 2577 1956 2638 habenda
1996 2594 2128 2636 esse
2170 2576 2260 2635 uti
2308 2576 2517 2635 valida
2546 2593 2602 2636 ».
2654 2576 2816 2641 Qut-¹1,

350 2693 489 2735 cum
534 2676 627 2735 ita
690 2675 797 2747 sit,
842 2675 1158 2736 scribebat
1204 2675 1269 2734 S.
1326 2674 1393 2735 O.
1441 2675 1514 2734 de
1558 2675 1744 2752 Prop.
1796 2674 1914 2734 fide
1975 2675 2073 2734 die
2121 2671 2195 2732 19
2234 2673 2503 2734 eiusdem
2570 2676 2812 2732 mensis.

352 2791 392 2831 «
422 2773 742 2833 Sanctitas
774 2773 899 2832 Sua
943 2773 1208 2833 monitos
1241 2772 1383 2833 vult
1427 2775 1744 2833 universos
1776 2773 1959 2832 istius
1998 2773 2178 2848 regni
2210 2772 2712 2848 Arcbiepiscopos
2760 2788 2812 2828 ur,

353 2871 708 2948 Episcopos‚
740 2876 810 2930 ut
840 2871 1239 2931 nihilominus
1282 2871 1624 2931 catholicos
1666 2871 1990 2931 retrabere
2018 2874 2237 2929 curent
2264 2870 2344 2929 ab
2373 2869 2712 2929 huiusmodi
2748 2872 2818 2924 il-

332 2959 553 3028 'licitis
597 2968 831 3045 nuptiis
872 2973 994 3029 etc.
1030 2986 1089 3029 ›.

488 3066 697 3132 Quoad
743 3067 1142 3126 matrimonia
1188 3066 1642 3126 catholicorum
1683 3067 2009 3138 asseritur,
2058 3067 2120 3125 in
2164 3066 2442 3126 omnibus
2486 3067 2796 3127 Hiberniam

353 3152 734 3224 dioecesibus
777 3164 949 3225 Trid.
999 3164 1346 3235 decretum,
1395 3164 1619 3224 saltem
1674 3181 1864 3235 nunc,
1910 3181 2045 3225 esse
2085 3165 2487 3243 publicatum.
2535 3165 2691 3224 Vide
2736 3168 2812 3224 [1,]

356 3262 696 3340 zephyrini
741 3261 1221 3324 Zitelli-Natali
1268 3261 1722 3323 Enchzmridzon
1767 3263 1856 3320 ad
1897 3248 2067 3324 sacr.
2114 3264 2634 3338 desciplmarum
2684 3282 2760 3324 cu
2780 3272 2820 3308 1,

358 3367 547 3427 torax,
573 3359 674 3419 ubi
719 3359 992 3420 Elencho
1035 3379 1095 3438 p
1133 3361 1409 3420 Perrone
1450 3359 1687 3420 clarius
1725 3359 2007 3444 exposito
2037 3360 2210 3421 addit
2249 3378 2457 3420 ornnes
2485 3361 2796 3420 Hibernia*

357 3457 684 3528 dioeceses,
724 3473 880 3533 pay.
938 3455 1093 3522 198.
1135 3459 1283 3519 edit.
1333 3459 1565 3518 Romae
1611 3454 1792 3517 1880.

494 3556 513 3593 ¹
559 3555 676 3616 His
745 3555 952 3630 itaque
1016 3556 1078 3615 in
1145 3554 1300 3615 locis
1361 3555 1571 3614 valida
1623 3561 1768 3615 sunt
1823 3555 2221 3615 matrimonia
2277 3556 2435 3616 inita
2478 3558 2556 3615 ab
2608 3557 2788 3616 haet-
2784 3584 2820 3600 ν

359 3653 503 3713 ticis
544 3659 654 3713 aut
694 3653 1114 3713 schismaticis
1156 3653 1323 3713 inter
1365 3671 1454 3725 se,
1503 3655 1604 3714 vel
1648 3655 1886 3727 mixta3
1933 3654 2107 3713 nulla
2150 3671 2295 3714 vero
2338 3659 2483 3714 sunt
2519 3672 2591 3714 ac
2632 3654 2812 3714 irrita

358 3750 808 3810 catholicorum
850 3751 1255 3811 matrimonia
1299 3769 1415 3810 non
1450 3757 1704 3812 servata
1735 3751 2087 3811 Tridentini
2130 3751 2329 3811 forma
2359 3750 2661 3829 (Perrone
2703 3756 2740 3804 .·‘
2728 3776 2792 3808 w
2808 3800 2816 3804 -

357 3852 467 3912 cit.
508 3868 665 3927 pay.
713 3849 904 3929 262).

488 3950 513 3988 2
557 3949 913 4009 Addendum
954 3954 1085 4010 est:
1135 3949 1199 4009 in
1256 3949 1590 4008 Albaniae
1650 3953 1716 4009 et
1780 3949 2049 4009 Serviae
2090 3935 2486 4009 dioecesibus.
2556 3950 2625 4009 In
2670 3949 2820 4009 Gon-

356 4047 502 4108 cilio
541 4048 704 4107 enim
734 4048 976 4108 Albano
1007 4050 1209 4125 primo
1241 4047 1615 4125 provinciali
1647 4047 1779 4107 sive
1810 4048 2114 4107 nationali
2156 4047 2470 4108 celebrato
2500 4067 2602 4107 an.
2644 4048 2820 4104 17:51:

356 4151 421 4206 et
461 4165 500 4206 a
530 4146 596 4206 S.
632 4145 698 4206 Ο.
735 4147 822 4204 De
865 4145 1053 4223 Prop.
1097 4144 1214 4205 fide
1258 4146 1594 4223 approbato
1638 4163 1750 4223 per
1792 4145 2104 4206 decretum
2149 4146 2268 4205 diei
2307 4143 2392 4204 14
2421 4153 2579 4223 sept.
2628 4144 2816 4204 1705.

356 4231 635 4322 legitur?
673 4263 709 4303 (ι
742 4243 1039 4303 Omnibus
1102 4243 1518 4304 missionariis
1570 4248 1636 4304 et
1676 4244 1967 4322 parochis
2016 4243 2455 4320 praecipimus,
2502 4248 2572 4303 ut
2614 4245 2676 4304 in
2724 4264 2820 4300 ιιι--

356 4343 510 4404 stris
551 4341 929 4401 dioecesibus
968 4341 1303 4402 Albaniae
1345 4347 1410 4403 et
1453 4343 1721 4400 Serviae
1764 4341 1942 4402 iuxta
1984 4345 2224 4402 statuta
2263 4343 2428 4401 sacri
2473 4341 2816 4401 Tridentini

355 4441 620 4503 Concilii
663 4440 905 4518 legibus
947 4440 1219 4512 decreta,
1256 4440 1316 4500 in
1362 4440 1823 4518 parochialibus
1867 4421 2162 4501 Ecclesiis
2204 4458 2413 4499 coram
2455 4441 2684 4499 duobus
2724 4448 2812 4496 tre-i

354 4541 559 4601 tribus
604 4539 866 4600 testibus
909 4538 1228 4599 celebrare
1276 4540 1567 4599 studeant
1618 4539 2018 4599 matrimonia
2047 4558 2105 4598 ».
2153 4540 2308 4598 Vide
2351 4539 2458 4598 cit.
2509 4539 2812 4615 Synodum

351 4646 530 4715 part.
580 4636 646 4697 2.
694 4654 840 4713 cap.
890 4637 956 4696 8.
999 4654 1158 4713 pay.
1210 4635 1321 4697 46.
1369 4637 1517 4697 edit.
1568 4639 1802 4698 Romae
1867 4635 2042 4696 1868.
2087 4669 2129 4682 -
2179 4637 2249 4696 In
2308 4637 2555 4714 Synodo
2615 4644 2812 4696 autem
