<?xml version="1.0" encoding="UTF-8"?>
<!DOCTYPE html PUBLIC "-//W3C//DTD XHTML 1.0 Transitional//EN"
    "http://www.w3.org/TR/xhtml1/DTD/xhtml1-transitional.dtd">
<html xmlns="http://www.w3.org/1999/xhtml" xml:lang="en" lang="en">
 <head>
  <title>
</title>
<meta http-equiv="Content-Type" content="text/html;charset=utf-8" />
  <meta name='ocr-system' content='tesseract 3.04.00' />
  <meta name='ocr-capabilities' content='ocr_page ocr_carea ocr_par ocr_line ocrx_word'/>
</head>
<body>
  <div class='ocr_page' id='page_1' title='image "./decausismatrimo00mansgoog_0391.png"; bbox 0 0 3509 5317; ppageno 0'>
   <div class='ocr_carea' id='block_1_1' title="bbox 1378 521 1736 583">
    <p class='ocr_par' dir='ltr' id='par_1_1' title="bbox 1378 521 1736 583">
     <span class='ocr_line' id='line_1_1' title="bbox 1378 521 1736 583; baseline 0 -1"><span class='ocrx_word' id='word_1_1' title='bbox 1378 521 1617 583; x_wconf 81' lang='lat'>-379</span> <span class='ocrx_word' id='word_1_2' title='bbox 1659 552 1736 569; x_wconf 90' lang='grc'>--</span> 
     </span>
    </p>
   </div>
   <div class='ocr_carea' id='block_1_2' title="bbox 331 661 2797 4735">
    <p class='ocr_par' dir='ltr' id='par_1_2' title="bbox 331 661 2789 860">
     <span class='ocr_line' id='line_1_2' title="bbox 331 661 2789 754; baseline 0 -22"><span class='ocrx_word' id='word_1_3' title='bbox 331 662 677 732; x_wconf 89' lang='lat' dir='ltr'>dicorum</span> <span class='ocrx_word' id='word_1_4' title='bbox 724 667 795 730; x_wconf 92' lang='lat' dir='ltr'>et</span> <span class='ocrx_word' id='word_1_5' title='bbox 841 661 1380 752; x_wconf 88' lang='lat' dir='ltr'>Chirurgorum</span> <span class='ocrx_word' id='word_1_6' title='bbox 1428 662 1964 734; x_wconf 83' lang='lat' dir='ltr'>confidentium</span> <span class='ocrx_word' id='word_1_7' title='bbox 2013 669 2084 733; x_wconf 91' lang='lat' dir='ltr'>et</span> <span class='ocrx_word' id='word_1_8' title='bbox 2130 662 2620 734; x_wconf 82' lang='lat' dir='ltr'>diffidentium</span> <span class='ocrx_word' id='word_1_9' title='bbox 2653 683 2789 754; x_wconf 59' lang='lat' dir='ltr'>prm</span> 
     </span>
     <span class='ocr_line' id='line_1_3' title="bbox 335 768 2785 860; baseline -0.001 -21"><span class='ocrx_word' id='word_1_10' title='bbox 335 770 726 857; x_wconf 88' lang='lat' dir='ltr'>utriusque</span> <span class='ocrx_word' id='word_1_11' title='bbox 771 769 1110 858; x_wconf 88' lang='lat' dir='ltr'>coniugis</span> <span class='ocrx_word' id='word_1_12' title='bbox 1133 770 1610 856; x_wconf 81' lang='lat' dir='ltr'>inspectione,</span> <span class='ocrx_word' id='word_1_13' title='bbox 1634 788 1969 860; x_wconf 88' lang='lat' dir='ltr'>congrua</span> <span class='ocrx_word' id='word_1_14' title='bbox 2001 772 2357 858; x_wconf 88' lang='lat' dir='ltr'>congruis</span> <span class='ocrx_word' id='word_1_15' title='bbox 2381 768 2785 840; x_wconf 62' lang='lat' dir='ltr'>referendo¹</span> 
     </span>
    </p>

    <p class='ocr_par' dir='ltr' id='par_1_3' title="bbox 331 875 2797 2147">
     <span class='ocr_line' id='line_1_4' title="bbox 467 875 2793 965; baseline -0 -20"><span class='ocrx_word' id='word_1_16' title='bbox 467 875 827 945; x_wconf 91' lang='lat' dir='ltr'>Exhibitis</span> <span class='ocrx_word' id='word_1_17' title='bbox 874 875 1149 945; x_wconf 87' lang='lat' dir='ltr'>notulis</span> <span class='ocrx_word' id='word_1_18' title='bbox 1193 897 1235 946; x_wconf 92' lang='lat' dir='ltr'>a</span> <span class='ocrx_word' id='word_1_19' title='bbox 1285 877 1642 964; x_wconf 78' lang='lat' dir='ltr'>partibuS,</span> <span class='ocrx_word' id='word_1_20' title='bbox 1706 877 1946 947; x_wconf 92' lang='lat' dir='ltr'>Iudex</span> <span class='ocrx_word' id='word_1_21' title='bbox 2001 876 2217 963; x_wconf 79' lang='lat' dir='ltr'>eliget</span> <span class='ocrx_word' id='word_1_22' title='bbox 2273 878 2605 965; x_wconf 90' lang='lat' dir='ltr'>quinque</span> <span class='ocrx_word' id='word_1_23' title='bbox 2668 876 2793 944; x_wconf 37' lang='lat'>1³⁴*</span> 
     </span>
     <span class='ocr_line' id='line_1_5' title="bbox 333 981 2793 1073; baseline -0 -24"><span class='ocrx_word' id='word_1_24' title='bbox 333 981 534 1069; x_wconf 76' lang='lat' dir='ltr'>ritOS,</span> <span class='ocrx_word' id='word_1_25' title='bbox 584 985 734 1052; x_wconf 90' lang='lat' dir='ltr'>tres</span> <span class='ocrx_word' id='word_1_26' title='bbox 780 982 1055 1053; x_wconf 89' lang='lat' dir='ltr'>scilicet</span> <span class='ocrx_word' id='word_1_27' title='bbox 1100 983 1433 1054; x_wconf 90' lang='lat' dir='ltr'>Medicos</span> <span class='ocrx_word' id='word_1_28' title='bbox 1480 989 1552 1054; x_wconf 91' lang='lat' dir='ltr'>et</span> <span class='ocrx_word' id='word_1_29' title='bbox 1582 985 1780 1054; x_wconf 93' lang='lat' dir='ltr'>duos</span> <span class='ocrx_word' id='word_1_30' title='bbox 1812 983 2218 1073; x_wconf 74' lang='lat' dir='ltr'><strong>chirurgos</strong></span> <span class='ocrx_word' id='word_1_31' title='bbox 2251 1003 2349 1054; x_wconf 90' lang='lat' dir='ltr'>ex</span> <span class='ocrx_word' id='word_1_32' title='bbox 2375 982 2510 1070; x_wconf 89' lang='lat' dir='ltr'>his,</span> <span class='ocrx_word' id='word_1_33' title='bbox 2545 984 2793 1072; x_wconf 76' lang='lat' dir='ltr'>in&#39;qni-</span> 
     </span>
     <span class='ocr_line' id='line_1_6' title="bbox 333 1088 2785 1178; baseline -0.002 -21"><span class='ocrx_word' id='word_1_34' title='bbox 333 1088 481 1159; x_wconf 91' lang='lat' dir='ltr'>bus</span> <span class='ocrx_word' id='word_1_35' title='bbox 528 1095 777 1177; x_wconf 90' lang='lat' dir='ltr'>partes</span> <span class='ocrx_word' id='word_1_36' title='bbox 822 1091 1303 1177; x_wconf 80' lang='lat' dir='ltr'>consentiant,</span> <span class='ocrx_word' id='word_1_37' title='bbox 1352 1091 1463 1160; x_wconf 93' lang='lat' dir='ltr'>sin</span> <span class='ocrx_word' id='word_1_38' title='bbox 1503 1091 1753 1161; x_wconf 88' lang='lat' dir='ltr'>minus</span> <span class='ocrx_word' id='word_1_39' title='bbox 1779 1110 1879 1160; x_wconf 92' lang='lat' dir='ltr'>ex</span> <span class='ocrx_word' id='word_1_40' title='bbox 1902 1090 2146 1161; x_wconf 83' lang='lat' dir='ltr'>officio</span> <span class='ocrx_word' id='word_1_41' title='bbox 2179 1110 2331 1177; x_wconf 75' lang='lat' dir='ltr'>eOS,</span> <span class='ocrx_word' id='word_1_42' title='bbox 2365 1090 2490 1178; x_wconf 92' lang='lat' dir='ltr'>qui</span> <span class='ocrx_word' id='word_1_43' title='bbox 2539 1099 2785 1163; x_wconf 75' lang='lat' dir='ltr'>tamen</span> 
     </span>
     <span class='ocr_line' id='line_1_7' title="bbox 332 1196 2789 1288; baseline -0.002 -22"><span class='ocrx_word' id='word_1_44' title='bbox 332 1196 670 1284; x_wconf 89' lang='lat' dir='ltr'>partibus</span> <span class='ocrx_word' id='word_1_45' title='bbox 714 1216 866 1267; x_wconf 92' lang='lat' dir='ltr'>non</span> <span class='ocrx_word' id='word_1_46' title='bbox 916 1198 1061 1268; x_wconf 91' lang='lat' dir='ltr'>sint</span> <span class='ocrx_word' id='word_1_47' title='bbox 1108 1198 1630 1269; x_wconf 78' lang='lat' dir='ltr'>rationabiliter</span> <span class='ocrx_word' id='word_1_48' title='bbox 1676 1200 2038 1286; x_wconf 87' lang='lat' dir='ltr'>suspecti,</span> <span class='ocrx_word' id='word_1_49' title='bbox 2087 1198 2494 1287; x_wconf 83' lang='lat' dir='ltr'>deputabit3</span> <span class='ocrx_word' id='word_1_50' title='bbox 2568 1202 2789 1288; x_wconf 63' lang='lat' dir='ltr'>atqiw</span> 
     </span>
     <span class='ocr_line' id='line_1_8' title="bbox 331 1303 2785 1392; baseline -0.001 -22"><span class='ocrx_word' id='word_1_51' title='bbox 331 1303 641 1390; x_wconf 83' lang='lat' dir='ltr'>curabit,</span> <span class='ocrx_word' id='word_1_52' title='bbox 691 1310 771 1374; x_wconf 91' lang='lat' dir='ltr'>ut</span> <span class='ocrx_word' id='word_1_53' title='bbox 816 1304 1191 1391; x_wconf 82' lang='lat' dir='ltr'>deputatio</span> <span class='ocrx_word' id='word_1_54' title='bbox 1224 1306 1444 1375; x_wconf 88' lang='lat' dir='ltr'>cadat</span> <span class='ocrx_word' id='word_1_55' title='bbox 1472 1323 1705 1392; x_wconf 90' lang='lat' dir='ltr'>super</span> <span class='ocrx_word' id='word_1_56' title='bbox 1727 1306 2261 1377; x_wconf 82' lang='lat' dir='ltr'>celebrioribus</span> <span class='ocrx_word' id='word_1_57' title='bbox 2291 1304 2598 1375; x_wconf 89' lang='lat' dir='ltr'>civitatis</span> <span class='ocrx_word' id='word_1_58' title='bbox 2627 1309 2785 1373; x_wconf 74' lang='lat' dir='ltr'>tuin</span> 
     </span>
     <span class='ocr_line' id='line_1_9' title="bbox 331 1411 2789 1503; baseline -0.001 -24"><span class='ocrx_word' id='word_1_59' title='bbox 331 1411 1017 1497; x_wconf 86' lang='lat' dir='ltr'>quoad-scientiam</span> <span class='ocrx_word' id='word_1_60' title='bbox 1068 1420 1229 1482; x_wconf 87' lang='lat' dir='ltr'>tum</span> <span class='ocrx_word' id='word_1_61' title='bbox 1278 1413 1529 1501; x_wconf 90' lang='lat' dir='ltr'>quoad</span> <span class='ocrx_word' id='word_1_62' title='bbox 1581 1412 2018 1503; x_wconf 84' lang='lat' dir='ltr'>religionem</span> <span class='ocrx_word' id='word_1_63' title='bbox 2066 1419 2137 1483; x_wconf 91' lang='lat' dir='ltr'>et</span> <span class='ocrx_word' id='word_1_64' title='bbox 2171 1413 2663 1498; x_wconf 87' lang='lat' dir='ltr'>honestatem,</span> <span class='ocrx_word' id='word_1_65' title='bbox 2697 1420 2789 1480; x_wconf 77' lang='lat' dir='ltr'>at-</span> 
     </span>
     <span class='ocr_line' id='line_1_10' title="bbox 331 1516 2789 1608; baseline -0.001 -21"><span class='ocrx_word' id='word_1_66' title='bbox 331 1537 485 1606; x_wconf 89' lang='lat' dir='ltr'>que</span> <span class='ocrx_word' id='word_1_67' title='bbox 532 1519 647 1587; x_wconf 93' lang='lat' dir='ltr'>his</span> <span class='ocrx_word' id='word_1_68' title='bbox 694 1519 951 1588; x_wconf 90' lang='lat' dir='ltr'>Peritis</span> <span class='ocrx_word' id='word_1_69' title='bbox 996 1516 1421 1592; x_wconf 84' lang='lat' dir='ltr'>facultatem</span> <span class='ocrx_word' id='word_1_70' title='bbox 1467 1521 1671 1592; x_wconf 89' lang='lat' dir='ltr'>dabit</span> <span class='ocrx_word' id='word_1_71' title='bbox 1717 1521 2300 1608; x_wconf 80' lang='lat' dir='ltr'>recognoscendi</span> <span class='ocrx_word' id='word_1_72' title='bbox 2333 1537 2612 1607; x_wconf 85' lang='lat' dir='ltr'>corpus</span> <span class='ocrx_word' id='word_1_73' title='bbox 2636 1520 2789 1596; x_wconf 73' lang='lat' dir='ltr'>viri,</span> 
     </span>
     <span class='ocr_line' id='line_1_11' title="bbox 331 1626 2789 1719; baseline -0.002 -23"><span class='ocrx_word' id='word_1_74' title='bbox 331 1627 679 1697; x_wconf 88' lang='lat' dir='ltr'>adhibitis</span> <span class='ocrx_word' id='word_1_75' title='bbox 725 1626 1051 1697; x_wconf 78' lang='lat' dir='ltr'>honestis</span> <span class='ocrx_word' id='word_1_76' title='bbox 1096 1626 1360 1699; x_wconf 77' lang='lat' dir='ltr'>mediis</span> <span class='ocrx_word' id='word_1_77' title='bbox 1392 1633 1488 1701; x_wconf 87' lang='lat' dir='ltr'>ad</span> <span class='ocrx_word' id='word_1_78' title='bbox 1522 1630 2070 1719; x_wconf 86' lang='lat' dir='ltr'>explorandam</span> <span class='ocrx_word' id='word_1_79' title='bbox 2102 1631 2339 1718; x_wconf 90' lang='lat' dir='ltr'>ipsius</span> <span class='ocrx_word' id='word_1_80' title='bbox 2365 1629 2789 1718; x_wconf 70' lang='lat' dir='ltr'>potentiam,</span> 
     </span>
     <span class='ocr_line' id='line_1_12' title="bbox 332 1731 2797 1825; baseline -0 -24"><span class='ocrx_word' id='word_1_81' title='bbox 332 1751 475 1802; x_wconf 91' lang='lat' dir='ltr'>nec</span> <span class='ocrx_word' id='word_1_82' title='bbox 522 1752 675 1803; x_wconf 92' lang='lat' dir='ltr'>non</span> <span class='ocrx_word' id='word_1_83' title='bbox 720 1731 1168 1822; x_wconf 81' lang='lat' dir='ltr'>facultatem,</span> <span class='ocrx_word' id='word_1_84' title='bbox 1218 1743 1591 1825; x_wconf 89' lang='lat' dir='ltr'>quatenus</span> <span class='ocrx_word' id='word_1_85' title='bbox 1637 1757 1791 1808; x_wconf 92' lang='lat' dir='ltr'>non</span> <span class='ocrx_word' id='word_1_86' title='bbox 1838 1738 2285 1807; x_wconf 87' lang='lat' dir='ltr'>conveniant</span> <span class='ocrx_word' id='word_1_87' title='bbox 2315 1738 2388 1805; x_wconf 92' lang='lat' dir='ltr'>in</span> <span class='ocrx_word' id='word_1_88' title='bbox 2423 1737 2661 1824; x_wconf 91' lang='lat' dir='ltr'>prima</span> <span class='ocrx_word' id='word_1_89' title='bbox 2697 1736 2797 1800; x_wconf 79' lang='lat' dir='ltr'>in-</span> 
     </span>
     <span class='ocr_line' id='line_1_13' title="bbox 331 1842 2789 1934; baseline -0 -25"><span class='ocrx_word' id='word_1_90' title='bbox 331 1842 733 1928; x_wconf 90' lang='lat' dir='ltr'>spectione,</span> <span class='ocrx_word' id='word_1_91' title='bbox 782 1844 1048 1914; x_wconf 90' lang='lat' dir='ltr'>iterum</span> <span class='ocrx_word' id='word_1_92' title='bbox 1098 1846 1521 1916; x_wconf 89' lang='lat' dir='ltr'>accedendi.</span> <span class='ocrx_word' id='word_1_93' title='bbox 1569 1848 1815 1934; x_wconf 83' lang='lat' dir='ltr'>Atque</span> <span class='ocrx_word' id='word_1_94' title='bbox 1840 1846 1912 1914; x_wconf 90' lang='lat' dir='ltr'>in</span> <span class='ocrx_word' id='word_1_95' title='bbox 1940 1845 2208 1914; x_wconf 91' lang='lat' dir='ltr'>eodem</span> <span class='ocrx_word' id='word_1_96' title='bbox 2239 1844 2538 1913; x_wconf 91' lang='lat' dir='ltr'>decreto</span> <span class='ocrx_word' id='word_1_97' title='bbox 2571 1842 2789 1924; x_wconf 72' lang='lat' dir='ltr'>diem,</span> 
     </span>
     <span class='ocr_line' id='line_1_14' title="bbox 332 1947 2785 2041; baseline 0.002 -27"><span class='ocrx_word' id='word_1_98' title='bbox 332 1947 604 2017; x_wconf 87' lang='lat' dir='ltr'>horam</span> <span class='ocrx_word' id='word_1_99' title='bbox 655 1956 726 2020; x_wconf 89' lang='lat' dir='ltr'>et</span> <span class='ocrx_word' id='word_1_100' title='bbox 753 1950 1020 2021; x_wconf 74' lang='lat' dir='ltr'>‘locum</span> <span class='ocrx_word' id='word_1_101' title='bbox 1070 1953 1483 2040; x_wconf 87' lang='lat' dir='ltr'>destinabit,</span> <span class='ocrx_word' id='word_1_102' title='bbox 1531 1954 1603 2021; x_wconf 91' lang='lat' dir='ltr'>in</span> <span class='ocrx_word' id='word_1_103' title='bbox 1654 1953 1933 2041; x_wconf 90' lang='lat' dir='ltr'>quibus</span> <span class='ocrx_word' id='word_1_104' title='bbox 2005 1954 2210 2022; x_wconf 84' lang='lat' dir='ltr'>Periti</span> <span class='ocrx_word' id='word_1_105' title='bbox 2283 1951 2659 2037; x_wconf 87' lang='lat' dir='ltr'>accedent,</span> <span class='ocrx_word' id='word_1_106' title='bbox 2713 1968 2785 2020; x_wconf 77' lang='lat' dir='ltr'>nt</span> 
     </span>
     <span class='ocr_line' id='line_1_15' title="bbox 331 2054 1323 2147; baseline 0.005 -25"><span class='ocrx_word' id='word_1_107' title='bbox 331 2054 867 2142; x_wconf 89' lang='lat' dir='ltr'>inspectionem</span> <span class='ocrx_word' id='word_1_108' title='bbox 916 2059 1323 2147; x_wconf 85' lang='lat' dir='ltr'>perficiant.</span> 
     </span>
    </p>

    <p class='ocr_par' dir='ltr' id='par_1_4' title="bbox 331 2164 2793 2777">
     <span class='ocr_line' id='line_1_16' title="bbox 469 2164 2793 2262; baseline 0.002 -30"><span class='ocrx_word' id='word_1_109' title='bbox 469 2164 871 2254; x_wconf 85' lang='lat' dir='ltr'>Designata</span> <span class='ocrx_word' id='word_1_110' title='bbox 916 2166 1034 2238; x_wconf 89' lang='lat' dir='ltr'>die</span> <span class='ocrx_word' id='word_1_111' title='bbox 1081 2173 1153 2237; x_wconf 89' lang='lat' dir='ltr'>et</span> <span class='ocrx_word' id='word_1_112' title='bbox 1199 2169 1404 2255; x_wconf 91' lang='lat' dir='ltr'>hora,</span> <span class='ocrx_word' id='word_1_113' title='bbox 1454 2169 1547 2239; x_wconf 89' lang='lat' dir='ltr'>ad</span> <span class='ocrx_word' id='word_1_114' title='bbox 1617 2168 1873 2262; x_wconf 53' lang='lat' dir='ltr'>⁴locum</span> <span class='ocrx_word' id='word_1_115' title='bbox 1940 2167 2298 2237; x_wconf 87' lang='lat' dir='ltr'>accedent</span> <span class='ocrx_word' id='word_1_116' title='bbox 2357 2168 2613 2253; x_wconf 89' lang='lat' dir='ltr'>Iudex,</span> <span class='ocrx_word' id='word_1_117' title='bbox 2665 2168 2793 2236; x_wconf 70' lang='lat' dir='ltr'>Dr—</span> 
     </span>
     <span class='ocr_line' id='line_1_17' title="bbox 331 2269 2791 2364; baseline 0 -24"><span class='ocrx_word' id='word_1_118' title='bbox 331 2269 591 2341; x_wconf 82' lang='lat' dir='ltr'>fensor</span> <span class='ocrx_word' id='word_1_119' title='bbox 636 2273 1107 2361; x_wconf 84' lang='lat' dir='ltr'>matrimonii,</span> <span class='ocrx_word' id='word_1_120' title='bbox 1157 2275 1661 2346; x_wconf 85' lang='lat' dir='ltr'>Cancellarius</span> <span class='ocrx_word' id='word_1_121' title='bbox 1708 2295 1800 2346; x_wconf 92' lang='lat' dir='ltr'>ac</span> <span class='ocrx_word' id='word_1_122' title='bbox 1849 2275 2082 2345; x_wconf 88' lang='lat' dir='ltr'>Periti.</span> <span class='ocrx_word' id='word_1_123' title='bbox 2132 2275 2415 2364; x_wconf 83' lang='lat' dir='ltr'>Singuli</span> <span class='ocrx_word' id='word_1_124' title='bbox 2463 2293 2562 2345; x_wconf 92' lang='lat' dir='ltr'>ex</span> <span class='ocrx_word' id='word_1_125' title='bbox 2606 2275 2791 2344; x_wconf 78' lang='lat' dir='ltr'>Pei-i-</span> 
     </span>
     <span class='ocr_line' id='line_1_18' title="bbox 332 2379 2789 2471; baseline -0 -22"><span class='ocrx_word' id='word_1_126' title='bbox 332 2379 428 2449; x_wconf 87' lang='lat' dir='ltr'>tis</span> <span class='ocrx_word' id='word_1_127' title='bbox 474 2397 565 2450; x_wconf 92' lang='lat' dir='ltr'>ac</span> <span class='ocrx_word' id='word_1_128' title='bbox 610 2381 930 2450; x_wconf 90' lang='lat' dir='ltr'>seorsim</span> <span class='ocrx_word' id='word_1_129' title='bbox 978 2401 1259 2470; x_wconf 90' lang='lat' dir='ltr'>corpus</span> <span class='ocrx_word' id='word_1_130' title='bbox 1308 2384 1440 2452; x_wconf 89' lang='lat' dir='ltr'>viri</span> <span class='ocrx_word' id='word_1_131' title='bbox 1511 2384 1902 2471; x_wconf 86' lang='lat' dir='ltr'>inspicient</span> <span class='ocrx_word' id='word_1_132' title='bbox 1956 2403 2042 2453; x_wconf 93' lang='lat' dir='ltr'>ea</span> <span class='ocrx_word' id='word_1_133' title='bbox 2093 2401 2241 2471; x_wconf 90' lang='lat' dir='ltr'>qua</span> <span class='ocrx_word' id='word_1_134' title='bbox 2314 2380 2471 2453; x_wconf 86' lang='lat' dir='ltr'>fleri</span> <span class='ocrx_word' id='word_1_135' title='bbox 2533 2387 2789 2469; x_wconf 72' lang='lat' dir='ltr'>poterii</span> 
     </span>
     <span class='ocr_line' id='line_1_19' title="bbox 333 2486 2793 2578; baseline 0.001 -24"><span class='ocrx_word' id='word_1_136' title='bbox 333 2486 688 2572; x_wconf 87' lang='lat' dir='ltr'>decentia,</span> <span class='ocrx_word' id='word_1_137' title='bbox 741 2493 809 2557; x_wconf 90' lang='lat' dir='ltr'>et</span> <span class='ocrx_word' id='word_1_138' title='bbox 852 2487 1060 2559; x_wconf 82' lang='lat' dir='ltr'>factis</span> <span class='ocrx_word' id='word_1_139' title='bbox 1106 2491 1657 2578; x_wconf 79' lang='lat' dir='ltr'>experimentiS,</span> <span class='ocrx_word' id='word_1_140' title='bbox 1706 2509 1906 2578; x_wconf 86' lang='lat' dir='ltr'>quae</span> <span class='ocrx_word' id='word_1_141' title='bbox 1952 2492 2153 2560; x_wconf 88' lang='lat' dir='ltr'>iuxta</span> <span class='ocrx_word' id='word_1_142' title='bbox 2203 2495 2461 2578; x_wconf 89' lang='lat' dir='ltr'>artem,</span> <span class='ocrx_word' id='word_1_143' title='bbox 2508 2507 2657 2558; x_wconf 86' lang='lat' dir='ltr'>non</span> <span class='ocrx_word' id='word_1_144' title='bbox 2693 2496 2793 2556; x_wconf 58' lang='lat' dir='ltr'>tw</span> 
     </span>
     <span class='ocr_line' id='line_1_20' title="bbox 333 2596 2793 2688; baseline -0.003 -22"><span class='ocrx_word' id='word_1_145' title='bbox 333 2617 505 2667; x_wconf 85' lang='lat' dir='ltr'>men</span> <span class='ocrx_word' id='word_1_146' title='bbox 553 2596 847 2684; x_wconf 65' lang='lat' dir='ltr'>micitia,</span> <span class='ocrx_word' id='word_1_147' title='bbox 899 2604 1322 2687; x_wconf 90' lang='lat' dir='ltr'>opportuna</span> <span class='ocrx_word' id='word_1_148' title='bbox 1370 2599 1822 2686; x_wconf 87' lang='lat' dir='ltr'>iudicabunt,</span> <span class='ocrx_word' id='word_1_149' title='bbox 1872 2599 2142 2688; x_wconf 80' lang='lat' dir='ltr'>singuli</span> <span class='ocrx_word' id='word_1_150' title='bbox 2189 2600 2542 2684; x_wconf 89' lang='lat' dir='ltr'>scriptam</span> <span class='ocrx_word' id='word_1_151' title='bbox 2595 2600 2793 2666; x_wconf 39' lang='lat' dir='ltr'>emit*</span> 
     </span>
     <span class='ocr_line' id='line_1_21' title="bbox 331 2705 988 2777; baseline -0.005 -2"><span class='ocrx_word' id='word_1_152' title='bbox 331 2710 488 2775; x_wconf 86' lang='lat' dir='ltr'>tent</span> <span class='ocrx_word' id='word_1_153' title='bbox 535 2705 988 2777; x_wconf 87' lang='lat' dir='ltr'>relationem.</span> 
     </span>
    </p>

    <p class='ocr_par' dir='ltr' id='par_1_5' title="bbox 335 2812 2785 3028">
     <span class='ocr_line' id='line_1_22' title="bbox 473 2812 2785 2903; baseline -0.003 -22"><span class='ocrx_word' id='word_1_154' title='bbox 473 2814 552 2881; x_wconf 90' lang='lat' dir='ltr'>In</span> <span class='ocrx_word' id='word_1_155' title='bbox 604 2814 1055 2902; x_wconf 86' lang='lat' dir='ltr'>inspectione</span> <span class='ocrx_word' id='word_1_156' title='bbox 1102 2821 1174 2884; x_wconf 90' lang='lat' dir='ltr'>et</span> <span class='ocrx_word' id='word_1_157' title='bbox 1219 2814 1572 2884; x_wconf 90' lang='lat' dir='ltr'>relatione</span> <span class='ocrx_word' id='word_1_158' title='bbox 1620 2816 1809 2885; x_wconf 86' lang='lat' dir='ltr'>haec</span> <span class='ocrx_word' id='word_1_159' title='bbox 1857 2814 2258 2903; x_wconf 84' lang='lat' dir='ltr'>praecipue</span> <span class='ocrx_word' id='word_1_160' title='bbox 2282 2812 2785 2901; x_wconf 55' lang='lat' dir='ltr'>investiganda</span> 
     </span>
     <span class='ocr_line' id='line_1_23' title="bbox 335 2919 1131 3028; baseline 0 -37"><span class='ocrx_word' id='word_1_161' title='bbox 335 2927 408 2991; x_wconf 92' lang='lat' dir='ltr'>et</span> <span class='ocrx_word' id='word_1_162' title='bbox 455 2919 843 2993; x_wconf 83' lang='lat' dir='ltr'>referenda</span> <span class='ocrx_word' id='word_1_163' title='bbox 892 2931 1131 3028; x_wconf 78' lang='lat' dir='ltr'>erunt.</span> 
     </span>
    </p>

    <p class='ocr_par' dir='ltr' id='par_1_6' title="bbox 335 3031 2789 3769">
     <span class='ocr_line' id='line_1_24' title="bbox 471 3031 2789 3124; baseline -0 -27"><span class='ocrx_word' id='word_1_164' title='bbox 471 3031 589 3097; x_wconf 88' lang='lat' dir='ltr'>An</span> <span class='ocrx_word' id='word_1_165' title='bbox 637 3031 884 3101; x_wconf 85' lang='lat' dir='ltr'>adsint</span> <span class='ocrx_word' id='word_1_166' title='bbox 929 3033 1148 3124; x_wconf 88' lang='lat' dir='ltr'>signa</span> <span class='ocrx_word' id='word_1_167' title='bbox 1194 3033 1502 3120; x_wconf 81' lang='lat' dir='ltr'>physice</span> <span class='ocrx_word' id='word_1_168' title='bbox 1548 3040 1747 3104; x_wconf 92' lang='lat' dir='ltr'>certa</span> <span class='ocrx_word' id='word_1_169' title='bbox 1798 3032 2271 3120; x_wconf 82' lang='lat' dir='ltr'>impotentiae</span> <span class='ocrx_word' id='word_1_170' title='bbox 2330 3031 2645 3101; x_wconf 84' lang='lat' dir='ltr'>deducta</span> <span class='ocrx_word' id='word_1_171' title='bbox 2697 3048 2789 3096; x_wconf 65' lang='lat' dir='ltr'>etz</span> 
     </span>
     <span class='ocr_line' id='line_1_25' title="bbox 335 3136 2789 3230; baseline -0.001 -24"><span class='ocrx_word' id='word_1_172' title='bbox 335 3136 924 3212; x_wconf 86' lang='lat' dir='ltr'>conformatione</span> <span class='ocrx_word' id='word_1_173' title='bbox 971 3141 1316 3229; x_wconf 91' lang='lat' dir='ltr'>partium,</span> <span class='ocrx_word' id='word_1_174' title='bbox 1366 3150 1493 3212; x_wconf 85' lang='lat' dir='ltr'>aut</span> <span class='ocrx_word' id='word_1_175' title='bbox 1540 3161 1637 3213; x_wconf 89' lang='lat' dir='ltr'>ex</span> <span class='ocrx_word' id='word_1_176' title='bbox 1685 3141 1935 3230; x_wconf 89' lang='lat' dir='ltr'>aliquo</span> <span class='ocrx_word' id='word_1_177' title='bbox 1986 3141 2392 3229; x_wconf 79' lang='lat' dir='ltr'>vitio&#39;quod</span> <span class='ocrx_word' id='word_1_178' title='bbox 2427 3156 2789 3227; x_wconf 66' lang='lat' dir='ltr'>apparel-1³:</span> 
     </span>
     <span class='ocr_line' id='line_1_26' title="bbox 338 3247 2789 3338; baseline -0.002 -25"><span class='ocrx_word' id='word_1_179' title='bbox 338 3247 619 3331; x_wconf 88' lang='lat' dir='ltr'>poterit.</span> <span class='ocrx_word' id='word_1_180' title='bbox 682 3250 796 3316; x_wconf 86' lang='lat' dir='ltr'>An</span> <span class='ocrx_word' id='word_1_181' title='bbox 846 3250 1095 3319; x_wconf 89' lang='lat' dir='ltr'>adsint</span> <span class='ocrx_word' id='word_1_182' title='bbox 1138 3250 1374 3338; x_wconf 84' lang='lat' dir='ltr'>signa,</span> <span class='ocrx_word' id='word_1_183' title='bbox 1438 3269 1633 3338; x_wconf 88' lang='lat' dir='ltr'>quae</span> <span class='ocrx_word' id='word_1_184' title='bbox 1695 3250 2059 3319; x_wconf 87' lang='lat' dir='ltr'>moralem</span> <span class='ocrx_word' id='word_1_185' title='bbox 2133 3247 2647 3318; x_wconf 87' lang='lat' dir='ltr'>certitudinem</span> <span class='ocrx_word' id='word_1_186' title='bbox 2697 3248 2789 3312; x_wconf 73' lang='lat' dir='ltr'>in-</span> 
     </span>
     <span class='ocr_line' id='line_1_27' title="bbox 336 3351 2789 3445; baseline -0.001 -26"><span class='ocrx_word' id='word_1_187' title='bbox 336 3351 618 3423; x_wconf 88' lang='lat' dir='ltr'>ducant</span> <span class='ocrx_word' id='word_1_188' title='bbox 660 3355 1154 3445; x_wconf 84' lang='lat' dir='ltr'>impotentiae,</span> <span class='ocrx_word' id='word_1_189' title='bbox 1219 3363 1290 3427; x_wconf 91' lang='lat' dir='ltr'>et</span> <span class='ocrx_word' id='word_1_190' title='bbox 1342 3361 1716 3445; x_wconf 89' lang='lat' dir='ltr'>quatenus</span> <span class='ocrx_word' id='word_1_191' title='bbox 1774 3359 2113 3440; x_wconf 86' lang='lat' dir='ltr'>existant,</span> <span class='ocrx_word' id='word_1_192' title='bbox 2176 3376 2371 3444; x_wconf 90' lang='lat' dir='ltr'>quae</span> <span class='ocrx_word' id='word_1_193' title='bbox 2428 3356 2521 3424; x_wconf 90' lang='lat' dir='ltr'>sit</span> <span class='ocrx_word' id='word_1_194' title='bbox 2567 3354 2789 3424; x_wconf 53' lang='lat' dir='ltr'>huius</span> 
     </span>
     <span class='ocr_line' id='line_1_28' title="bbox 335 3458 2789 3551; baseline 0.001 -25"><span class='ocrx_word' id='word_1_195' title='bbox 335 3458 812 3546; x_wconf 86' lang='lat' dir='ltr'>impotentiae</span> <span class='ocrx_word' id='word_1_196' title='bbox 856 3482 1110 3548; x_wconf 83' lang='lat' dir='ltr'>causa,</span> <span class='ocrx_word' id='word_1_197' title='bbox 1160 3468 1411 3533; x_wconf 91' lang='lat' dir='ltr'>utrum</span> <span class='ocrx_word' id='word_1_198' title='bbox 1461 3463 1555 3532; x_wconf 87' lang='lat' dir='ltr'>sit</span> <span class='ocrx_word' id='word_1_199' title='bbox 1598 3464 2020 3551; x_wconf 88' lang='lat' dir='ltr'>impotentia</span> <span class='ocrx_word' id='word_1_200' title='bbox 2090 3468 2444 3549; x_wconf 91' lang='lat' dir='ltr'>perpetua</span> <span class='ocrx_word' id='word_1_201' title='bbox 2507 3462 2789 3530; x_wconf 51' lang='lat' dir='ltr'>insana*</span> 
     </span>
     <span class='ocr_line' id='line_1_29' title="bbox 336 3564 2789 3657; baseline 0.001 -24"><span class='ocrx_word' id='word_1_202' title='bbox 336 3564 501 3635; x_wconf 90' lang='lat' dir='ltr'>bilis</span> <span class='ocrx_word' id='word_1_203' title='bbox 546 3586 637 3637; x_wconf 88' lang='lat' dir='ltr'>ac</span> <span class='ocrx_word' id='word_1_204' title='bbox 700 3570 1161 3656; x_wconf 85' lang='lat' dir='ltr'>praecedens</span> <span class='ocrx_word' id='word_1_205' title='bbox 1231 3571 1814 3656; x_wconf 87' lang='lat' dir='ltr'>matrimonium,</span> <span class='ocrx_word' id='word_1_206' title='bbox 1863 3589 1959 3640; x_wconf 89' lang='lat' dir='ltr'>an</span> <span class='ocrx_word' id='word_1_207' title='bbox 2036 3569 2252 3657; x_wconf 90' lang='lat' dir='ltr'>signa</span> <span class='ocrx_word' id='word_1_208' title='bbox 2321 3569 2789 3657; x_wconf 62' lang='lat' dir='ltr'>impotentiae</span> 
     </span>
     <span class='ocr_line' id='line_1_30' title="bbox 339 3680 1403 3769; baseline -0.002 -20"><span class='ocrx_word' id='word_1_209' title='bbox 339 3680 487 3749; x_wconf 93' lang='lat' dir='ltr'>sint</span> <span class='ocrx_word' id='word_1_210' title='bbox 529 3680 755 3750; x_wconf 91' lang='lat' dir='ltr'>dubia</span> <span class='ocrx_word' id='word_1_211' title='bbox 807 3681 923 3752; x_wconf 92' lang='lat' dir='ltr'>vel</span> <span class='ocrx_word' id='word_1_212' title='bbox 972 3682 1403 3769; x_wconf 89' lang='lat' dir='ltr'>aequivoca.</span> 
     </span>
    </p>

    <p class='ocr_par' dir='ltr' id='par_1_7' title="bbox 337 3781 2797 4735">
     <span class='ocr_line' id='line_1_31' title="bbox 474 3781 2793 3877; baseline -0.003 -22"><span class='ocrx_word' id='word_1_213' title='bbox 474 3788 780 3857; x_wconf 83' lang='lat' dir='ltr'>Peracta</span> <span class='ocrx_word' id='word_1_214' title='bbox 828 3789 1183 3858; x_wconf 89' lang='lat' dir='ltr'>relatione</span> <span class='ocrx_word' id='word_1_215' title='bbox 1230 3806 1277 3856; x_wconf 86' lang='lat' dir='ltr'>a</span> <span class='ocrx_word' id='word_1_216' title='bbox 1344 3787 1658 3877; x_wconf 88' lang='lat' dir='ltr'>singulis</span> <span class='ocrx_word' id='word_1_217' title='bbox 1726 3786 2069 3869; x_wconf 85' lang='lat' dir='ltr'>seorsim,</span> <span class='ocrx_word' id='word_1_218' title='bbox 2121 3781 2483 3853; x_wconf 85' lang='lat' dir='ltr'>Defensor</span> <span class='ocrx_word' id='word_1_219' title='bbox 2554 3784 2793 3852; x_wconf 48' lang='lat' dir='ltr'>matri*</span> 
     </span>
     <span class='ocr_line' id='line_1_32' title="bbox 341 3891 2793 3986; baseline -0.002 -24"><span class='ocrx_word' id='word_1_220' title='bbox 341 3896 566 3963; x_wconf 89' lang='lat' dir='ltr'>monii</span> <span class='ocrx_word' id='word_1_221' title='bbox 616 3896 992 3966; x_wconf 83' lang='lat' dir='ltr'>exhibebit</span> <span class='ocrx_word' id='word_1_222' title='bbox 1038 3896 1595 3986; x_wconf 87' lang='lat' dir='ltr'>interrogatoria</span> <span class='ocrx_word' id='word_1_223' title='bbox 1645 3895 1926 3979; x_wconf 90' lang='lat' dir='ltr'>clausa,</span> <span class='ocrx_word' id='word_1_224' title='bbox 1974 3891 2305 3979; x_wconf 84' lang='lat' dir='ltr'>sigillata,</span> <span class='ocrx_word' id='word_1_225' title='bbox 2354 3908 2585 3977; x_wconf 91' lang='lat' dir='ltr'>super</span> <span class='ocrx_word' id='word_1_226' title='bbox 2645 3896 2793 3976; x_wconf 59' lang='grc' dir='ltr'>(μηι</span> 
     </span>
     <span class='ocr_line' id='line_1_33' title="bbox 341 3997 2793 4088; baseline -0.004 -18"><span class='ocrx_word' id='word_1_227' title='bbox 341 4001 485 4071; x_wconf 91' lang='lat' dir='ltr'>bus</span> <span class='ocrx_word' id='word_1_228' title='bbox 533 4002 691 4071; x_wconf 86' lang='lat' dir='ltr'>fleri</span> <span class='ocrx_word' id='word_1_229' title='bbox 739 4003 959 4074; x_wconf 90' lang='lat' dir='ltr'>debet</span> <span class='ocrx_word' id='word_1_230' title='bbox 1004 4023 1328 4074; x_wconf 91' lang='lat' dir='ltr'>examen</span> <span class='ocrx_word' id='word_1_231' title='bbox 1378 4002 1816 4088; x_wconf 89' lang='lat' dir='ltr'>Peritorum,</span> <span class='ocrx_word' id='word_1_232' title='bbox 1880 4000 2170 4088; x_wconf 84' lang='lat' dir='ltr'>sibique</span> <span class='ocrx_word' id='word_1_233' title='bbox 2227 3997 2635 4069; x_wconf 86' lang='lat' dir='ltr'>reservabit</span> <span class='ocrx_word' id='word_1_234' title='bbox 2681 4000 2793 4064; x_wconf 60' lang='lat' dir='ltr'>im</span> 
     </span>
     <span class='ocr_line' id='line_1_34' title="bbox 338 4100 2797 4199; baseline -0.003 -20"><span class='ocrx_word' id='word_1_235' title='bbox 338 4109 661 4180; x_wconf 91' lang='lat' dir='ltr'>addendi</span> <span class='ocrx_word' id='word_1_236' title='bbox 715 4110 862 4185; x_wconf 86' lang='lat' dir='ltr'>alia</span> <span class='ocrx_word' id='word_1_237' title='bbox 903 4113 1448 4199; x_wconf 88' lang='lat' dir='ltr'>interogatoria,</span> <span class='ocrx_word' id='word_1_238' title='bbox 1497 4128 1587 4181; x_wconf 94' lang='lat' dir='ltr'>ac</span> <span class='ocrx_word' id='word_1_239' title='bbox 1635 4100 1904 4181; x_wconf 81' lang='lat' dir='ltr'>iterum</span> <span class='ocrx_word' id='word_1_240' title='bbox 1953 4126 2039 4178; x_wconf 90' lang='lat' dir='ltr'>ea</span> <span class='ocrx_word' id='word_1_241' title='bbox 2075 4106 2171 4177; x_wconf 91' lang='lat' dir='ltr'>ad</span> <span class='ocrx_word' id='word_1_242' title='bbox 2219 4123 2544 4176; x_wconf 89' lang='lat' dir='ltr'>examen</span> <span class='ocrx_word' id='word_1_243' title='bbox 2595 4125 2797 4175; x_wconf 54' lang='lat' dir='ltr'>reum--</span> 
     </span>
     <span class='ocr_line' id='line_1_35' title="bbox 339 4212 2793 4313; baseline -0.002 -27"><span class='ocrx_word' id='word_1_244' title='bbox 339 4217 577 4313; x_wconf 91' lang='lat' dir='ltr'>candi.</span> <span class='ocrx_word' id='word_1_245' title='bbox 628 4218 701 4287; x_wconf 90' lang='lat' dir='ltr'>Si</span> <span class='ocrx_word' id='word_1_246' title='bbox 750 4236 1074 4289; x_wconf 89' lang='lat' dir='ltr'>examen</span> <span class='ocrx_word' id='word_1_247' title='bbox 1125 4219 1591 4307; x_wconf 89' lang='lat' dir='ltr'>singulorum</span> <span class='ocrx_word' id='word_1_248' title='bbox 1642 4217 2060 4288; x_wconf 89' lang='lat' dir='ltr'>Peritorum</span> <span class='ocrx_word' id='word_1_249' title='bbox 2141 4213 2403 4284; x_wconf 89' lang='lat' dir='ltr'>eadem</span> <span class='ocrx_word' id='word_1_250' title='bbox 2477 4212 2593 4281; x_wconf 93' lang='lat' dir='ltr'>die</span> <span class='ocrx_word' id='word_1_251' title='bbox 2641 4232 2793 4301; x_wconf 69' lang='lat' dir='ltr'>per-</span> 
     </span>
     <span class='ocr_line' id='line_1_36' title="bbox 337 4319 2797 4413; baseline -0.002 -21"><span class='ocrx_word' id='word_1_252' title='bbox 337 4321 456 4393; x_wconf 89' lang='lat' dir='ltr'>flci</span> <span class='ocrx_word' id='word_1_253' title='bbox 505 4325 940 4413; x_wconf 85' lang='lat' dir='ltr'>nequiverit,</span> <span class='ocrx_word' id='word_1_254' title='bbox 990 4325 1218 4395; x_wconf 91' lang='lat' dir='ltr'>iudex</span> <span class='ocrx_word' id='word_1_255' title='bbox 1263 4326 1487 4396; x_wconf 92' lang='lat' dir='ltr'>aliam</span> <span class='ocrx_word' id='word_1_256' title='bbox 1535 4326 1732 4395; x_wconf 89' lang='lat' dir='ltr'>diem</span> <span class='ocrx_word' id='word_1_257' title='bbox 1783 4322 2220 4411; x_wconf 86' lang='lat' dir='ltr'>designabit,</span> <span class='ocrx_word' id='word_1_258' title='bbox 2271 4326 2351 4390; x_wconf 92' lang='lat' dir='ltr'>ut</span> <span class='ocrx_word' id='word_1_259' title='bbox 2411 4319 2591 4389; x_wconf 88' lang='lat' dir='ltr'>illud</span> <span class='ocrx_word' id='word_1_260' title='bbox 2638 4339 2797 4408; x_wconf 61' lang='lat' dir='ltr'>prat*-</span> 
     </span>
     <span class='ocr_line' id='line_1_37' title="bbox 338 4428 2793 4522; baseline -0.004 -21"><span class='ocrx_word' id='word_1_261' title='bbox 338 4437 721 4519; x_wconf 86' lang='lat' dir='ltr'>sequatur.</span> <span class='ocrx_word' id='word_1_262' title='bbox 770 4434 1101 4522; x_wconf 87' lang='lat' dir='ltr'>Uterque</span> <span class='ocrx_word' id='word_1_263' title='bbox 1147 4452 1246 4503; x_wconf 92' lang='lat' dir='ltr'>ex</span> <span class='ocrx_word' id='word_1_264' title='bbox 1294 4433 1550 4503; x_wconf 85' lang='lat' dir='ltr'>Peritis</span> <span class='ocrx_word' id='word_1_265' title='bbox 1597 4437 1758 4502; x_wconf 92' lang='lat' dir='ltr'>tum</span> <span class='ocrx_word' id='word_1_266' title='bbox 1807 4436 1979 4501; x_wconf 87' lang='lat' dir='ltr'>ante</span> <span class='ocrx_word' id='word_1_267' title='bbox 2035 4438 2360 4500; x_wconf 87' lang='lat' dir='ltr'>examen</span> <span class='ocrx_word' id='word_1_268' title='bbox 2431 4428 2793 4496; x_wconf 73' lang='lat' dir='ltr'>iuramen-</span> 
     </span>
     <span class='ocr_line' id='line_1_38' title="bbox 337 4536 2793 4628; baseline -0.004 -20"><span class='ocrx_word' id='word_1_269' title='bbox 337 4545 495 4609; x_wconf 92' lang='lat' dir='ltr'>tum</span> <span class='ocrx_word' id='word_1_270' title='bbox 533 4540 941 4628; x_wconf 89' lang='lat' dir='ltr'>praestabit</span> <span class='ocrx_word' id='word_1_271' title='bbox 985 4541 1079 4609; x_wconf 93' lang='lat' dir='ltr'>de</span> <span class='ocrx_word' id='word_1_272' title='bbox 1127 4541 1432 4612; x_wconf 88' lang='lat' dir='ltr'>veritate</span> <span class='ocrx_word' id='word_1_273' title='bbox 1479 4539 1813 4626; x_wconf 89' lang='lat' dir='ltr'>dicenda,</span> <span class='ocrx_word' id='word_1_274' title='bbox 1887 4543 2044 4607; x_wconf 89' lang='lat' dir='ltr'>tum</span> <span class='ocrx_word' id='word_1_275' title='bbox 2092 4541 2264 4623; x_wconf 87' lang='lat' dir='ltr'>post</span> <span class='ocrx_word' id='word_1_276' title='bbox 2325 4553 2646 4605; x_wconf 89' lang='lat' dir='ltr'>examen</span> <span class='ocrx_word' id='word_1_277' title='bbox 2701 4536 2793 4600; x_wconf 70' lang='lat' dir='ltr'>in-</span> 
     </span>
     <span class='ocr_line' id='line_1_39' title="bbox 339 4641 2789 4735; baseline -0.003 -21"><span class='ocrx_word' id='word_1_278' title='bbox 339 4653 679 4717; x_wconf 88' lang='lat' dir='ltr'>ramento</span> <span class='ocrx_word' id='word_1_279' title='bbox 729 4647 919 4718; x_wconf 89' lang='lat' dir='ltr'>dicta</span> <span class='ocrx_word' id='word_1_280' title='bbox 951 4645 1446 4734; x_wconf 83' lang='lat' dir='ltr'>confirmabit,</span> <span class='ocrx_word' id='word_1_281' title='bbox 1478 4665 1649 4717; x_wconf 90' lang='lat' dir='ltr'>sese</span> <span class='ocrx_word' id='word_1_282' title='bbox 1680 4647 1981 4735; x_wconf 88' lang='lat' dir='ltr'>propria</span> <span class='ocrx_word' id='word_1_283' title='bbox 2018 4663 2252 4715; x_wconf 86' lang='lat' dir='ltr'>manu</span> <span class='ocrx_word' id='word_1_284' title='bbox 2284 4641 2789 4724; x_wconf 58' lang='lat' dir='ltr'>subscribens,</span> 
     </span>
    </p>
   </div>
  </div>
 </body>
</html>
