3509 5317
341 619 442 687 «Dei
458 621 501 687 N.
526 620 561 688 in
585 620 739 690 nomine
761 619 880 691 Patris
902 627 939 688 et
961 617 1037 687 Filii
1060 621 1096 687 et
1118 616 1277 704 Spiritus
1298 613 1435 683 sancti:
1466 631 1568 681 nunc

342 731 414 795 «et
437 745 623 814 semper»
642 724 664 794 ¹.
688 763 711 775 -
738 728 841 797 Haeo
863 729 991 796 autem
1015 724 1130 795 verba
1155 729 1210 792 ter
1240 722 1288 791 ad
1319 736 1569 806 unumquem-

339 849 414 920 que
438 833 576 920 repetit,
600 851 752 902 crucem
776 851 892 919 super
908 849 1042 903 eorum
1057 831 1176 917 capita
1195 827 1280 898 iacit
1294 825 1453 911 annulis,
1470 842 1569 912 quos

339 939 481 1008 dextris
512 958 644 1009 eorum
673 939 794 1027 digitis
821 940 965 1026 inserit,
998 942 1035 1008 et
1058 937 1138 1006 viro
1161 936 1314 1024 quidem
1346 939 1388 1003 ut
1409 931 1568 1021 digniori

338 1063 516 1130 aureum,
545 1045 709 1116 feminae
734 1047 843 1116 tradit
869 1050 1108 1135 argenteum;
1139 1044 1321 1115 assistens
1343 1061 1434 1112 vero
1462 1058 1569 1129 para-

340 1154 542 1241 nymphus,
566 1154 707 1223 amoris
731 1159 767 1223 et
789 1154 1013 1223 concordiae
1036 1153 1130 1222 inter
1154 1169 1318 1237 sponsos
1341 1148 1567 1233 conciliator,

337 1276 406 1327 eos
427 1265 644 1346 commutat,
668 1264 705 1330 et
726 1279 891 1348 sponsae
913 1278 1084 1346 aureum,
1102 1276 1243 1345 sponso
1260 1261 1480 1346 argenteum
1497 1261 1568 1325 tra·

338 1364 428 1435 dit²:
457 1386 570 1455 quem
599 1369 711 1438 ritum
738 1368 840 1438 varie
867 1368 1069 1455 scriptores
1100 1362 1565 1453 explicant⁸.l1isautem

336 1474 549 1561 nuptiarum
580 1474 787 1546 absolvitur
816 1475 1075 1560 subarrhati0,
1100 1492 1145 1544 ac
1167 1472 1295 1558 sponsi
1320 1470 1565 1539 dimittuntur.

404 1583 618 1652 Notandum
643 1587 768 1652 tamen
791 1581 895 1670 quod
919 1581 1108 1651 hodiernis
1131 1579 1372 1650 Orientalium
1397 1577 1567 1647 moribus

334 1688 584 1761 ecclesiastica
608 1689 655 1760 de
678 1688 802 1759 tuturo
826 1689 1019 1776 sponsalia
1040 1687 1117 1758 fere
1130 1688 1268 1775 ubique
1280 1688 1448 1776 gentium
1465 1687 1566 1755 haud

337 1796 520 1865 eiusmodi
545 1796 663 1867 aliave
686 1795 795 1866 simili
818 1795 1055 1866 celebrantur
1069 1794 1313 1866 solemnitate.
1338 1793 1378 1862 ln
1395 1794 1565 1862 omnium

334 1904 488 1992 quidem
501 1904 726 1992 populorum
741 1904 983 1975 Orientalium
996 1902 1191 1973 ritualibus
1203 1901 1316 1989 libris,
1329 1906 1371 1972 ut
1385 1900 1566 1970 solemnis

334 2011 599 2097 praescribitur
623 2011 716 2082 ritus
743 2010 987 2082 benedicendi
1020 2010 1311 2096 matrimonium,
1344 2010 1389 2078 ita
1415 2012 1451 2077 et
1473 2008 1566 2077 ritus

336 2117 495 2187 habetur
517 2118 696 2188 solemnis
720 2118 963 2189 benedicendi
987 2116 1179 2206 sponsalia
1195 2116 1243 2186 de
1258 2114 1396 2185 futuro.
1420 2115 1565 2184 Verum

334 2225 437 2313 apud
460 2244 594 2295 omnes
617 2224 693 2295 lere
718 2226 881 2314 populos
906 2226 1114 2297 Orientales
1128 2224 1332 2312 simplicior
1348 2223 1501 2292 invaluit
1516 2223 1565 2294 ab

334 2350 429 2401 aevo
453 2349 538 2400 mos
560 2331 773 2404 celebrandi
797 2332 998 2421 sponsalia,
1024 2351 1091 2420 per
1113 2330 1241 2401 annuli
1257 2331 1394 2400 seilicet
1409 2329 1566 2400 traditio

330 2456 422 2507 nem
437 2456 565 2509 coram
578 2438 755 2525 parocho,
768 2440 832 2527 qui
848 2441 985 2510 breves
996 2439 1141 2527 aliquas
1157 2456 1290 2527 preces
1302 2437 1456 2507 recitare
1471 2436 1567 2506 solet

329 2563 449 2634 super
472 2564 645 2633 sponsos,
664 2552 704 2616 at
717 2564 850 2624 eorum
863 2547 1056 2635 sponsalia
1068 2555 1105 2618 et
1118 2566 1188 2617 sua
1205 2547 1417 2634 praesentia
1433 2550 1470 2615 et
1485 2564 1561 2632 pre·

329 2653 440 2724 ‚cibus
463 2652 713 2724 ecclesiastica
734 2653 906 2724 dicantur
929 2659 965 2724 et
988 2654 1071 2741 sint,
1095 2654 1190 2723 etin
1207 2652 1338 2724 maiori
1355 2653 1565 2723 habeantur

332 2762 486 2831 honore.
510 2761 611 2832 Talia
638 2762 752 2848 modo
774 2761 871 2832 flunt
893 2769 930 2832 et
952 2761 1187 2850 appellantur
1210 2762 1360 2849 publica
1389 2766 1425 2832 et
1447 2761 1563 2831 eccle-

333 2871 476 2942 siastica
492 2869 680 2957 sponsalia
693 2871 796 2958 apud
812 2868 1027 2954 orientales,
1040 2870 1217 2957 quamvis
1229 2868 1331 2939 haud
1343 2868 1563 2938 solemniori

333 2976 519 3048 celebrata
542 2977 624 3046 ritu.
1091 3031 1093 3038 .

396 3085 429 3151 5.
454 3083 532 3152 lam
558 3101 648 3152 vero
673 3084 774 3153 iuxta
799 3082 1072 3173 Euchologium
1089 3085 1120 3154 si
1139 3085 1280 3172 sponsi,
1298 3090 1384 3171 post
1398 3084 1484 3154 inita
1501 3101 1562 3152 so·

333 3188 444 3257 lemni
468 3189 538 3257 ritu
562 3189 763 3276 sponsalia,
791 3189 903 3260 velint
925 3190 1058 3261 eodem
1076 3180 1264 3278 tempore,
1281 3194 1321 3259 ut
1336 3190 1563 3278 plerumque

330 3293 381 3382 tlt,
406 3295 587 3381 coronari,
612 3314 688 3383 quo
719 3297 999 3368 matrimonium
1031 3298 1265 3375 contrahunt,
1301 3297 1563 3385 ingrediuntur

330 3400 511 3488 templum
536 3420 624 3470 cum
648 3403 767 3473 cereis
788 3405 967 3492 accensis,
993 3403 1239 3492 praecedente
1261 3422 1349 3473 cum
1374 3403 1563 3474 thuribulo

330 3503 534 3590 sacerdote,
559 3505 622 3592 qui
643 3505 755 3576 variis
779 3507 938 3577 recitatis
954 3508 1139 3595 precibus,
1156 3506 1295 3595 quibus
1308 3508 1427 3576 Deum
1445 3514 1561 3595 rogat,
1634 3502 1639 3511 ’
1748 3551 1749 3558 1

329 3617 369 3681 ut
391 3611 530 3699 nuptiis
543 3614 781 3701 sponsisque
805 3614 1010 3701 benedicat,
1035 3615 1243 3684 orationem
1267 3613 1417 3703 profert,
1442 3632 1559 3703 quam

329 3715 490 3786 Goarius
514 3733 562 3783 ex
585 3733 722 3804 graeco
746 3717 792 3786 ita
816 3715 974 3788 fideliter
998 3718 1125 3788 vertit:
1152 3719 1290 3786 «Deus
1305 3723 1447 3803 sancte,
1460 3717 1563 3805 quie

331 3821 521 3909 «pulvere
554 3821 746 3891 hominem
779 3822 959 3911 formasti,
983 3831 1092 3894 etex
1125 3824 1208 3895 eius
1235 3834 1339 3896 costa
1364 3826 1560 3897 mulierem

332 3926 581 4015 «aedificasti,
606 3929 790 4016 copulans
813 3950 900 4002 eam
925 3930 985 4018 illi,
1011 3937 1052 4001 ut
1078 3933 1306 4002 adiutorium
1338 3932 1459 4004 simile
1481 3935 1561 4021 ipsi,

329 4037 451 4141 «quia
476 4035 531 4105 sic
554 4037 798 4125 magnitudini
823 4043 910 4108 tuae
934 4038 1070 4126 placuit
1094 4058 1169 4109 non
1186 4059 1272 4110 esse
1289 4041 1481 4112 hominem
1506 4061 1567 4113 so·

330 4256 334 4265 ¹
394 4274 406 4312 ¹
426 4253 515 4360 'Apud
537 4254 629 4337 Goar.
660 4278 717 4338 loc.
741 4283 795 4337 cit.
816 4295 895 4356 paq.
921 4280 1003 4341 311.

391 4371 404 4410 ⁹
425 4373 504 4433 Vide
527 4375 708 4452 Euehologii
730 4378 873 4437 rubricas
891 4412 925 4421 -
944 4381 1037 4440 Goar.
1064 4381 1121 4440 loc.
1145 4385 1199 4440 eit.
1220 4400 1299 4457 paq.
1327 4381 1405 4444 311.

389 4470 490 4532 ⁸ch
509 4473 643 4534 Antoine
664 4479 718 4533 cit.
744 4477 888 4552 append.
913 4477 959 4536 De
984 4480 1158 4538 orientalis
1180 4479 1351 4540 Ecclesiae
1371 4483 1461 4540 circo
1491 4497 1564 4538 ma-

326 4571 522 4629 trimonium
545 4571 740 4647 disciplina,
757 4590 834 4650 pao.
860 4573 939 4634 357.

1745 4061 1748 4164 ι

1744 4191 1748 4250 ι

1742 4917 1745 5011 l
