3509 5317
1465 188 1467 191 ,
1511 1 1725 239 “ml

893 513 1072 574 -450-

366 670 434 740 per
457 668 548 738 prae
571 650 691 721 oculis
713 651 859 737 habeat,
885 651 944 723 his
967 650 1251 741 quaestionibus
1266 651 1486 723 dirimendis
1497 670 1598 740 prae

364 760 517 848 cipuum
542 758 828 829 fundamentum
854 760 1034 846 praebere
1057 764 1282 833 documenta
1312 761 1535 849 authentica,
1565 772 1600 833 et

365 885 562 955 nunquam
587 865 697 937 licere
720 877 849 937 contra
872 868 1006 938 eadem
1033 868 1213 955 iudicare,
1244 869 1314 938 nisi
1339 887 1390 939 ex
1421 870 1534 940 certis
1563 876 1598 940 et
1723 872 1724 875 ’

365 974 598 1046 evidentibus
611 972 842 1063 argumentis
857 974 1058 1044 constiterit
1073 977 1153 1064 ipsa
1171 974 1300 1045 vitiosa
1312 982 1377 1046 aut
1388 975 1484 1047 salsa
1501 995 1595 1047 esse.

365 1087 420 1155 Ac
444 1083 600 1171 proinde
624 1082 794 1152 locorum
818 1081 999 1151 Ordinarii
1015 1082 1149 1152 sedulo
1172 1083 1361 1153 curabunt
1384 1090 1425 1153 ut
1444 1083 1526 1152 libri
1540 1083 1597 1154 ba·
1624 1100 1626 1103 ’

365 1193 602 1278 ptizatorum,
633 1187 960 1276 confirmatorum,
992 1196 1028 1259 et
1057 1190 1293 1261 matrimonio
1322 1190 1597 1280 copulatorum,

365 1315 435 1366 nec
458 1314 534 1365 non
557 1294 863 1367 defunctoruma
891 1297 1066 1384 parochis
1089 1295 1367 1395 diligentissime
1390 1304 1594 1369 exarentur

365 1409 400 1474 et
423 1409 596 1474 accurate
612 1402 881 1473 custodiantur.

812 1618 1144 1691 aarrautusn.
1191 1602 1195 1611 “

656 1772 700 1841 oe
724 1774 932 1859 inpedimento
954 1775 1094 1860 publicae
1117 1775 1300 1846 honestatis.

430 1950 452 2032 ἓ
474 1950 528 2017 33.
554 1947 704 2029 Quoties
727 1945 877 2035 aliquod
904 1947 1182 2016 matrimonium
1208 1948 1452 2037 impugnatur
1467 1951 1518 2020 ob
1534 1954 1596 2020 im·

363 2053 629 2141 pedimentum,
655 2053 756 2142 quod
781 2051 952 2140 publicae
976 2053 1179 2124 honestatis
1213 2055 1440 2141 nominatur,
1466 2057 1502 2124 in
1528 2058 1594 2144 pri·

252 2160 256 2167 '
365 2163 435 2230 mis
458 2168 632 2231 accurate
656 2160 895 2230 statuendum
921 2161 998 2244 erit,
1024 2167 1149 2230 utrum
1174 2160 1264 2230 illud
1279 2161 1464 2250 originem
1481 2166 1594 2233 duxe
1722 2195 1724 2202 Α

362 2270 408 2338 rit
431 2288 480 2338 ex
504 2268 739 2338 matrimonio
763 2267 976 2354 simpliciter
1001 2276 1089 2353 rato,
1114 2287 1163 2338 an
1188 2287 1237 2338 ex
1260 2269 1512 2356 sponsalibus,

431 2377 471 2444 ln
496 2376 607 2464 priori
631 2393 723 2445 casu
747 2375 794 2443 ad
824 2375 1134 2462 impedimentum
1170 2375 1443 2447 adstruendum
1481 2377 1596 2464 profe

362 2489 492 2553 rantur
514 2483 737 2553 documenta
764 2481 988 2550 matrimonii
1013 2482 1269 2569 praecedentis
1305 2483 1592 2553 celebrationem

362 2590 661 2678 comprobantia,
693 2609 790 2677 quae
822 2590 1046 2659 documenta
1080 2588 1183 2659 lacile
1211 2590 1504 2678 suppeditabunt
1535 2592 1593 2660 vel

362 2698 442 2769 libri
466 2698 789 2768 matrimoniorum
813 2718 833 2767 a
859 2698 1025 2784 parocho
1049 2698 1235 2784 servandi,
1261 2699 1292 2766 si
1309 2699 1589 2769 matrimonium

360 2825 488 2877 coram
513 2807 677 2876 Ecclesia
695 2803 820 2905 ‘luerit
849 2804 1095 2889 celebratum,
1129 2805 1185 2875 vel
1218 2811 1363 2894 regesta
1398 2808 1591 2880 existentia

360 2933 477 3002 penes
502 2914 690 2982 ministros
713 2912 929 2997 haereticos,
955 2913 986 2981 si
1002 2913 1102 3000 apud
1124 2932 1191 2983 eos
1208 2914 1488 2983 matrimonium
1506 2934 1590 2986 con·

361 3025 519 3090 tractum
543 3020 760 3090 affirmetur.
786 3019 968 3103 Quamvis
995 3022 1224 3091 documenta
1248 3021 1305 3091 vel
1330 3040 1352 3090 a
1384 3021 1465 3091 sola
1497 3021 1589 3091 civili

361 3134 549 3213 potestate,
575 3127 631 3223 vel
657 3128 705 3198 ab
730 3128 924 3198 haereticis
949 3129 1149 3213 manantia,
1175 3130 1250 3197 vim
1275 3128 1415 3199 habere
1447 3128 1590 3215 possint

359 3234 565 3322 aliquando·
583 3235 631 3304 ad
656 3233 795 3305 factum
819 3236 866 3305 de
902 3236 1138 3305 matrimonio
1173 3236 1359 3306 celebrato
1394 3237 1593 3305 extraiudi·

359 3340 497 3411 cialiter
520 3340 834 3426 confirmandum,
860 3346 984 3412 mmen
1010 3343 1125 3413 iudex
1141 3343 1355 3427 catholicus,
1372 3344 1437 3432 qui
1453 3342 1502 3413 de
1518 3345 1589 3412 exi·

359 3448 490 3518 stentia
516 3449 573 3518 vel
596 3448 643 3519 de
668 3469 742 3519 non
767 3450 961 3521 existentia
985 3451 1239 3540 impedimenti
1262 3451 1486 3521 sententiam
1504 3452 1591 3520 latu·

360 3556 526 3642 roserit,
550 3557 694 3627 curabit
718 3562 757 3627 ut
779 3557 816 3626 in
841 3558 1019 3629 iudicium
1042 3565 1287 3647 compareant
1310 3565 1453 3645 partes,
1481 3564 1590 3627 testes

360 3665 422 3752 qui
451 3665 672 3734 matrimonii
697 3665 933 3736 celebrationi
957 3664 1210 3753 interfuerunt,
1235 3666 1433 3754 propinqui
1459 3684 1590 3734 eorum

359 3773 421 3859 qui
446 3778 722 3858 contraxerunt,
747 3791 916 3842 necnon
940 3774 1376 3861 omnesquossciverit,
1401 3773 1448 3844 de
1473 3792 1514 3842 re
1543 3774 1588 3841 in·

358 3884 528 3965 structos,
554 3885 594 3948 ut
615 3880 740 3949 omnia
767 3881 909 3966 possint
931 3883 1106 3970 cognosci
1132 3901 1229 3970 quae
1264 3881 1311 3952 ad
1347 3880 1489 3951 factum
1526 3881 1589 3950 rite

358 3987 598 4057 iudicandum
624 3988 835 4083 conducere
859 3995 1043 4079 poterunt.

424 4096 446 4178 ἓ
467 4097 522 4164 34.
548 4095 655 4177 Quod
679 4096 709 4164 si
735 4095 966 4183 praedictum
990 4098 1302 4185 impedimentum
1323 4104 1456 4165 ortum
1491 4112 1589 4164 asse

358 4209 461 4271 ratur
484 4221 531 4271 ex
555 4203 794 4291 sponsalibus
818 4222 907 4273 cum
932 4223 1093 4291 persona
1117 4205 1220 4276 alteri
1245 4204 1339 4292 parti
1368 4202 1588 4290 consangui-

359 4328 428 4378 nea
451 4310 488 4378 in
511 4309 631 4399 gradu
654 4309 964 4396 impedimentum
989 4310 1234 4380 constituente
1249 4308 1459 4395 contractis,
1476 4308 1524 4377 ad
1540 4309 1589 4375 iu-

358 4413 494 4485 dicium
520 4415 785 4504 proferendum
810 4417 887 4486 duo
902 4423 1012 4487 erunt
1027 4417 1257 4506 inquirenda,
1277 4414 1446 4486 videlicet
1463 4420 1586 4483 utrum

357 4543 492 4594 revera
512 4532 657 4595 asserta
680 4525 870 4612 sponsalia
897 4525 1021 4594 locum
1046 4525 1255 4611 habuerint,
1272 4531 1308 4594 et
1322 4528 1449 4592 utrum
1467 4520 1586 4592 valida

294 4627 295 4630 ’
358 4632 396 4701 in
417 4634 533 4702 sensu
561 4634 740 4703 canonico
772 4634 900 4704 haberi
933 4635 1085 4721 possint
1117 4634 1285 4704 Primum
1321 4633 1583 4704 deducendum
