3509 5317
578 764 816 828 Antecedentis
839 763 998 827 editionis

657 879 769 958 operis
794 879 917 942 dicatio

328 1014 366 1061 ac
386 996 537 1060 eiusdem
558 995 679 1059 edendi
700 993 830 1058 consilii
851 997 887 1056 et
908 993 1047 1057 rationis
1069 994 1239 1073 expositio

280 1406 607 1465 EMINENTISSIMO
636 1405 687 1463 hc
716 1404 1078 1465 REVERENDISSIMO
1108 1404 1292 1463 PRINCIPI

215 1583 229 1604 0
321 1549 472 1608 TITULO
501 1548 688 1606 SnNcTnh
718 1547 877 1606 MARIAE
907 1547 1045 1642 Tutus
1074 1546 1247 1606 TIBERIM

589 1693 618 1749 S·
642 1691 681 1750 R.
702 1690 739 1748 Ε.
760 1690 986 1750 CARDINALI

552 1819 861 1900 LAURENTIO
893 1819 1021 1895 NINA

337 1983 478 2042 sachis
498 1979 756 2040 APOSTOLICIS
776 1980 966 2038 PALATIIS
986 1979 1228 2039 PRAEFECTO

682 2123 768 2182 ETC·
800 2123 887 2180 ETC.

528 2245 756 2315 lOSEPHUS
781 2245 1038 2313 MANSELLA

247 2665 466 2758 Quantum,
497 2661 827 2739 liminentissime
856 2660 1067 2755 Princeps
1097 2658 1150 2737 ad
1179 2678 1395 2736 commuue

168 2788 416 2866 christianae
437 2788 496 2864 rei
518 2786 837 2863 emolumentum
857 2785 1039 2862 conterat
1053 2783 1164 2879 quod
1184 2783 1397 2880 coniugale

169 2913 336 3008 foedus
366 2931 390 2989 a
420 2911 503 2990 Dec
532 2914 622 3008 ipso
660 2912 765 2988 iuter
801 2910 942 2989 mundi
982 2908 1210 3006 primordia
1244 2908 1298 2986 ad
1327 2910 1397 2985 hu-

170 3056 332 3116 manam
363 3036 674 3135 propagandam
703 3036 887 3114 sohulem
923 3036 1173 3129 institutum,
1204 3033 1396 3118 fueritin

171 3161 421 3258 plenitudiue
462 3165 694 3256 temporum
722 3179 746 3238 a
775 3159 939 3238 Christo
976 3161 1148 3237 llominc
1183 3159 1236 3237 ad
1265 3177 1400 3236 sacra-

171 3289 295 3364 menti
323 3285 563 3380 dignitatem
592 3289 798 3382 evectum,
829 3285 1146 3381 divinarumque
1180 3303 1277 3363 rore
1305 3304 1400 3381 gra-

172 3413 323 3488 tiarum
343 3408 646 3507 locupletatum,
663 3410 855 3488 omnihus
874 3411 944 3507 qui
966 3410 1059 3488 lidei
1076 3410 1184 3489 douo
1205 3409 1401 3490 fruuntur

121 3616 125 3622 ,
172 3537 432 3633 perspectum
452 3533 797 3631 exploratumque
817 3535 891 3612 est
924 3537 983 3612 Eo
1012 3538 1121 3612 enim
1141 3539 1400 3614 sacramento

171 3660 409 3740 sanctificati
438 3663 655 3757 coniuges,
686 3659 791 3738 illics
819 3659 946 3738 edunt
979 3664 1019 3738 iu
1048 3661 1293 3739 admirabile
1329 3662 1398 3739 liei

89 3765 94 3774 ’
172 3787 308 3864 lumen
337 3788 377 3863 et
406 3804 602 3882 regnum,
632 3788 673 3862 et
711 3804 786 3882 per
824 3785 1033 3863 lavacrum
1071 3788 1398 3881 regenerationis

172 3915 210 3988 et
238 3911 517 3989 renovationis
537 3911 712 4006 Spiritus
732 3912 861 3988 sancti
881 3911 1133 4006 iustificatos
1155 3910 1399 4006 divinaeque

171 4037 331 4132 gratiae
350 4035 519 4112 meliora
550 4037 791 4131 recepturos
810 4037 1071 4131 charismata,
1102 4039 1240 4113 sancta
1268 4036 1401 4112 mater

171 4160 352 4239 Ecclesia
382 4161 474 4239 sinu
494 4179 570 4238 suu
590 4143 882 4257 complectitur.
913 4162 977 4239 Sic
1001 4164 1138 4239 autem
1159 4162 1399 4239 uuiversum

171 4307 246 4385 per
274 4286 421 4365 orbem
458 4286 608 4365 dillusa
645 4286 796 4365 familia
824 4289 976 4366 Christi
1006 4291 1247 4385 perseverat
1288 4286 1401 4365 mde-

173 4412 312 4489 liciens
343 4412 382 4488 iu
411 4429 571 4509 aevum,
592 4410 758 4508 plenum
778 4412 829 4491 de
850 4411 1019 4490 inferuis
1049 4412 1238 4490 hostibus
1257 4414 1398 4489 actura

85 4515 89 4526 ’
174 4539 441 4635 triumphum,
460 4539 735 4633 aeternaeque
760 4537 856 4613 olim
876 4537 984 4613 vitae
1004 4536 1232 4615 hereditate
1261 4556 1400 4616 secuu-

173 4663 273 4742 dum
301 4681 419 4759 spem
447 4664 487 4740 in
516 4661 640 4739 caelis
669 4662 872 4741 donanda.
