3509 5317
876 452 1054 512 -214-

356 591 480 661 Sancti
503 590 619 660 Officii
643 597 865 679 competere,
890 589 980 659 illud
1003 590 1050 659 ad
1075 592 1174 660 hanc
1197 589 1326 659 detulit
1347 590 1587 675 solvendum,

355 699 508 769 scilicet:
542 701 641 807 11Α1
666 699 858 769 decretum
895 698 931 767 S.
956 699 996 767 0.
1020 702 1043 767 5
1071 698 1159 768 lunii
1193 699 1281 768 1889
1310 695 1486 787 generale
1519 716 1588 785 pro

355 807 531 876 universa
562 806 725 876 Ecclesia
749 812 906 875 eatenus
937 807 1001 893 sit,
1027 811 1068 875 ut
1091 807 1128 874 in
1162 798 1271 893 praxi
1296 804 1455 875 iudiciali
1478 803 1590 874 liceat

355 914 649 1002 praetermittere
677 914 865 1002 quaedam
899 913 1126 1001 praescripta
1161 913 1284 983 Const.
1307 914 1587 1000 Benedictiuae,
1712 939 1714 998 j

354 1040 588 1108 causamque
613 1040 687 1090 una
710 1023 890 1091 sententia
914 1021 1157 1091 clauderet»

423 1129 462 1196 ln
493 1129 787 1216 congregatione
813 1126 878 1198 fer.
905 1130 955 1197 lV
988 1127 1029 1197 16
1053 1127 1143 1197 lebr.
1170 1130 1261 1199 1894
1290 1131 1371 1199 Emi
1396 1131 1590 1219 Inquisito-
1713 1124 1715 1193 J

356 1255 416 1306 res
432 1236 637 1325 generales,
655 1254 743 1305 cum
768 1236 1037 1323 approbatione
1049 1235 1155 1305 SSmi
1174 1236 1305 1323 Patris,
1319 1237 1588 1308 decreverunt:

355 1342 598 1427 Adirmon'ue
618 1341 638 1410 ¹.

420 1454 452 1520 9.
478 1454 535 1520 Ex
559 1453 649 1539 ipsis
664 1458 792 1522 autem
807 1451 932 1520 verbis
952 1452 1087 1520 decreti
1104 1453 1126 1520 5
1143 1451 1230 1520 iunii
1259 1454 1347 1523 1889
1371 1459 1480 1541 patet,
1498 1453 1587 1522 111111

354 1560 503 1628 obstare
527 1561 733 1647 quominus
755 1560 865 1628 etiam
890 1560 925 1627 in
942 1558 1094 1630 casibus
1119 1560 1154 1626 in
1180 1579 1224 1629 eo
1251 1561 1397 1646 taxatis,
1422 1579 1498 1630 non
1517 1560 1587 1630 levi

353 1668 504 1753 quidem
530 1666 653 1753 aliqua
684 1666 866 1736 suadente
898 1667 1055 1754 ratione,
1082 1666 1129 1737 ad
1163 1668 1401 1753 superiorem
1425 1667 1587 1736 iudicem

354 1781 589 1863 provocetur.

422 1872 473 1953 to.
500 1883 691 1964 Quaelibet
713 1900 825 1969 porro
854 1882 1051 1969 appellatio
1083 1879 1313 1968 regulariter
1337 1880 1507 1953 facienda
1532 1888 1589 1953 est

354 2009 481 2059 coram
508 1992 627 2060 iudice
650 1992 714 2079 qui
730 1991 809 2059 tulit
823 1993 1056 2077 sententiam,
1076 2000 1116 2060 ut
1138 2009 1187 2059 ex
1210 1990 1385 2060 decretali
1410 1991 1589 2061 lnuocen·

353 2097 389 2165 tii
414 2096 499 2165 111².
526 2098 626 2165 Dixi:
651 2096 905 2186 regulandam
929 2096 1016 2167 fallit
1033 2100 1133 2167 enim
1152 2097 1282 2186 regula
1306 2097 1342 2165 in
1360 2115 1453 2166 11111
1469 2116 1589 2167 neces·

343 2202 487 2289 sitatis,
507 2224 538 2273 e.
555 2224 589 2291 g.
607 2206 699 2273 dum
715 2206 821 2292 copia
839 2204 970 2274 iudicis
986 2226 1011 2274 α
1027 2224 1102 2293 quo
1127 2204 1339 2292 appellatur
1363 2204 1494 2275 haberi
1511 2223 1587 2275 non

352 2316 485 2398 potest3
511 2312 570 2381 vel
593 2313 626 2380 si
649 2313 699 2381 ob
716 2320 857 2382 metum
874 2313 1015 2382 iustum
1039 2318 1075 2382 et
1098 2331 1268 2401 gravem,
1293 2312 1453 2381 iudicem
1469 2333 1497 2382 α
1513 2331 1588 2401 quo

352 2439 401 2489 ex
425 2438 539 2489 causa
556 2420 812 2507 appellationis
829 2420 1121 2508 interponendae
1138 2420 1339 2508 appellans
1354 2420 1458 2491 adire
1472 2422 1587 2509 impe

352 2528 451 2596 ditus
474 2529 529 2595 sit.
547 2528 657 2597 Hisce
681 2529 717 2595 in
734 2528 887 2598 casibus
903 2528 1081 2616 appellari
1105 2528 1218 2598 debet
1241 2546 1370 2598 coram
1395 2529 1517 2598 iudice
1535 2528 1587 2598 od

352 2654 476 2723 quem,
503 2641 539 2705 et
561 2642 691 2724 postea
723 2636 919 2724 appellatio
944 2637 1103 2705 intimari
1135 2636 1244 2705 iudici
1267 2657 1293 2705 a
1316 2655 1412 2724 quo,
1440 2646 1482 2707 ut
1505 2639 1587 2708 eius

350 2744 604 2832 suspendatur
619 2745 828 2831 iurisdictio,
852 2751 889 2814 et
904 2743 1059 2814 ulterius
1082 2745 1119 2811 in
1138 2762 1254 2813 causa
1282 2745 1487 2831 procedere
1511 2764 1586 2813 non

352 2852 483 2922 valeat.
515 2852 621 2933 Quod
652 2854 683 2921 si
707 2855 814 2939 copia
839 2871 962 2939 neque
985 2850 1116 2920 iudicis
1140 2872 1166 2919 o
1199 2848 1287 2939 quo,
1315 2870 1438 2938 neque
1453 2852 1586 2921 iudicis

350 2959 522 3047 odqnem
540 2960 667 3028 baberi
680 2965 851 3046 nequeat,
870 2966 958 3028 lunc
972 2957 1155 3045 appellari
1172 2962 1295 3044 potest
1319 2975 1447 3027 coram
1473 2959 1586 3028 bone

349 3067 416 3136 stis
432 3068 612 3154 personis,
630 3066 801 3136 adhibitis
819 3065 973 3135 testibus
997 3071 1033 3135 et
1049 3064 1317 3152 protestatione
1332 3065 1436 3152 quod
1460 3066 1585 3153 appel·

351 3174 465 3244 lasset
479 3193 607 3243 coram
624 3174 744 3243 iudice
767 3174 798 3243 si
823 3174 1036 3244 alterutrius
1059 3174 1169 3260 copia
1193 3191 1265 3242 seu
1289 3174 1499 3261 praesentia
1526 3176 1586 3244 ha-

352 3281 429 3349 beri
455 3281 633 3367 potuisset
650 3277 672 3347 ⁸.
1144 3270 1148 3277 ’

418 3392 470 3457 11.
495 3390 701 3476 Appellatio
719 3408 831 3476 porro
844 3391 896 3459 ad
912 3388 1072 3458 iudicem
1094 3389 1330 3475 superiorem
1353 3388 1583 3477 regulariter

349 3493 518 3565 facienda
540 3502 595 3565 est
610 3496 796 3585 gradatim
811 3511 887 3563 noo
902 3493 1040 3562 omisso
1064 3492 1187 3563 modio
1201 3494 1332 3582 iudice,
1350 3513 1419 3565 sau
1436 3495 1483 3563 ad
1501 3515 1584 3583 pro

350 3603 496 3672 ximum
520 3613 556 3673 et
578 3602 836 3673 immediatum
861 3602 1095 3689 superiorem
1114 3601 1212 3671 illius
1228 3623 1254 3671 11
1271 3621 1346 3691 quo
1361 3603 1581 3691 appellatur,

349 3723 585 3798 nouantem,
610 3729 655 3787 eo
681 3708 887 3796 praeterito,
912 3710 960 3779 ad
985 3710 1193 3779 mediatum
1218 3715 1254 3779 et
1277 3715 1464 3779 remotum
1480 3708 1504 3778 ⁸.
1523 3710 1583 3781 Sic

418 3977 512 4035 ¹(lfr.
538 3977 592 4036 eit.
617 3977 839 4054 ephemerides,
864 3978 925 4035 vol.
949 3975 1006 4044 27,
1026 3993 1122 4051 popo.
1152 3974 1321 4038 141-142.

416 4073 428 4110 ²
450 4073 522 4150 Cap.
547 4082 586 4130 111
605 4074 731 4133 debitas
753 4072 809 4141 59,
831 4076 869 4133 de
892 4076 1182 4151 appellationibus.

415 4172 427 4208 ³
449 4172 583 4248 Pirbing
606 4174 659 4231 lid.
685 4172 716 4231 2.
742 4177 789 4231 tit.
814 4173 869 4231 28.
896 4192 929 4232 n.
948 4173 992 4232 83
1015 4180 1046 4233 11
1063 4191 1150 4248 seqq.
1171 4173 1261 4234 iuxta
1282 4190 1347 4250 cap.
1365 4175 1518 4232 1111111111
1537 4171 1581 4230 73

349 4277 380 4328 11
402 4271 458 4328 alt.
482 4270 522 4328 de
543 4273 833 4345 appellationibus.

416 4369 521 4447 ‘Gap
550 4372 662 4429 diluti
691 4370 800 4438 1111111
823 4371 978 4446 appellat.
1009 4388 1075 4448 cap.
1098 4371 1251 4428 Romana
1281 4370 1580 4441 1111111113116,

348 4466 416 4526 eod.
434 4472 480 4526 tit.
498 4499 535 4512 -
551 4468 628 4562 Vide
644 4470 827 4530 Anaeletum
849 4468 1052 4529 Reiffenstuel
1069 4469 1123 4526 lid.
1141 4470 1174 4528 2.
1192 4470 1309 4528 decret.
1327 4470 1374 4527 tit.
1393 4467 1449 4527 28.
1467 4489 1501 4528 n.
1520 4470 1576 4528 54.

347 4565 414 4606 cum
436 4567 599 4607 commum.
