3509 5317
1703 471 2062 532 ..320-

653 612 941 699 fatetur,
991 610 1404 682 aversionis
1451 613 1523 678 et
1568 608 1711 677 odii
1762 608 1968 695 ipsos
2031 608 2217 677 inter
2278 606 2638 694 coniugae
2697 621 3140 693 eorumque

655 720 974 791 familias
1022 719 1202 788 satis
1247 718 1449 805 apud
1497 718 1680 786 Acta
1743 715 2276 802 comprobatas
2341 730 2650 799 causae„
2710 713 2888 782 huic
2947 713 3140 800 peti·

655 828 832 897 tioni
878 825 1277 914 suffragari
1328 823 1492 908 (Cfr.
1527 824 1686 893 Act.
1722 821 1872 891 foll.
1907 824 2058 907 193,
2095 821 2272 905 198).

795 936 902 1002 11.
951 932 1228 1002 Contra
1277 951 1455 1002 vero
1502 931 1843 1019 coniugis
1893 929 2373 1001 reclamantis
2407 930 2689 1015 Orator,
2735 946 3145 999 enumera-

661 1042 752 1111 tis
803 1041 1025 1112 variis
1075 1041 1486 1127 praesentis
1532 1039 1778 1108 iudicii
1827 1037 2174 1125 periodis,
2237 1038 2450 1125 plura
2517 1037 2905 1127 contigerit
2965 1044 3138 1106 turn

662 1151 734 1218 in
782 1147 975 1219 facto
1024 1154 1181 1218 tuin
1232 1148 1305 1216 in
1351 1147 1534 1233 iure,
1583 1146 1862 1234 quibus
1909 1146 2091 1216 satis
2137 1164 2522 1232 superque
2568 1151 2915 1215 constare
2961 1164 3147 1214 con-

665 1257 895 1328 tendit
938 1258 1033 1326 de
1078 1253 1545 1326 antecedenti
1588 1273 1678 1324 ac
1719 1257 2098 1343 per-petua
2146 1253 2279 1321 viri
2337 1253 2798 1340 impotentia,
2848 1251 3148 1340 (quam-

670 1367 784 1435 vis
830 1364 1257 1452 impotentia
1301 1361 1917 1453 perpetuitatem,
1972 1381 2170 1449 quae
2217 1362 2288 1430 in
2352 1361 2781 1431 huiusmodi
2842 1361 3144 1430 iudiciis

672 1473 1005 1542 maxime
1052 1472 1373 1557 interest,
1422 1490 1571 1540 non
1621 1471 1822 1557 satis,
1870 1469 1943 1537 ni
1993 1468 2224 1555 fallor,
2274 1469 2759 1553 demonstret)
2808 1488 2949 1538 nec
2979 1487 3140 1537 non

671 1580 766 1650 de
802 1576 1128 1668 physica,
1168 1577 1472 1648 alterius
1519 1578 1857 1666 coniugis
1921 1575 2349 1666 virginitate
2364 1596 2397 1661 ,·
2453 1582 2526 1646 et
2585 1581 3146 1663 consequenter
3503 1595 3509 1654 l

671 1686 767 1757 ad
815 1704 1207 1755 sacrorum
1270 1704 1646 1756 canonum
1705 1685 2075 1768 tramites,
2133 1684 2423 1771 absque
2491 1683 2636 1753 ulla
2702 1700 2914 1752 mora
2975 1701 3152 1770 pro-
3501 1720 3509 1762 4

672 1794 1147 1863 clamandam
1198 1811 1367 1863 esse
1413 1793 1789 1863 concludit
1831 1812 1875 1862 a
1924 1792 2162 1862 iudice
2211 1791 2617 1862 nullitatem
2685 1792 3146 1862 matrimonii

673 1902 862 1970 inter
909 1901 1166 1970 Caium
1216 1906 1289 1970 et
1335 1901 1591 1970 Iuliam
1644 1901 1822 1969 initi.
1890 1901 2208 1987 Insuper
2252 1918 2431 1969 cum
2480 1900 2551 1967 in
2598 1905 2754 1968 tuto
2804 1900 3141 1986 positum

675 2007 768 2078 sit
815 2009 1371 2078 matrimonium
1424 2007 1856 2077 huiusmodi
1906 2007 2077 2077 licet
2123 2012 2390 2093 ratum,
2441 2025 2834 2094 nunquam
2882 2012 3143 2077 tamen

677 2113 906 2183 fuisse
953 2118 1610 2201 consummatum,
1673 2113 1924 2182 locum
1987 2131 2157 2182 esse
2216 2112 2737 2184 animadvertit
2797 2113 3153 2199 apostoli-

680 2239 815 2291 cae
851 2220 1382 2309 dispensationi
1418 2224 1671 2289 tenore
1694 2217 2039 2289 iustitiae.
2073 2221 2334 2307 Neque
2365 2217 2461 2288 ad
2496 2220 2640 2289 hoc
2670 2221 2938 2290 deesse
2968 2220 3150 2291 dicit

681 2328 956 2397 motiva
1008 2347 1218 2412 vera,
1271 2328 1585 2397 honesta
1631 2334 1703 2397 et
1750 2326 2094 2414 umentia
2141 2346 2184 2396 a
2234 2327 2803 2397 canonistarum
2877 2328 3143 2398 schola

680 2436 1080 2523 assignata,
1133 2436 1231 2503 uti
1278 2435 1672 2504 ostendere
1717 2435 1984 2521 satagit
2030 2433 2196 2519 (Cfr.
2246 2439 2403 2503 Act.
2449 2432 2595 2503 foll.
2646 2436 3006 2520 199-206).

817 2545 922 2610 12.
973 2541 1228 2628 Itaque
1298 2541 1641 2612 Vicarius
1697 2541 2068 2629 generalis
2138 2541 2680 2611 ecclesiasticae
2738 2542 3025 2629 Curiae,
3078 2549 3158 2613 et

682 2651 753 2719 in
806 2649 949 2718 hoc
994 2647 1299 2718 ferendo
1348 2648 1614 2718 iudicio
1663 2668 1705 2718 a
1756 2667 1898 2717 suo
1932 2649 2300 2736 Episcopo
2334 2667 2701 2735 expresse
2734 2649 3153 2737 delegatus,

623 2743 627 2749 ’
684 2756 780 2826 ad
829 2755 1011 2826 facta
1065 2756 1269 2843 quod
1317 2756 1587 2841 attinet,
1639 2757 2006 2827 revocatis
2056 2774 2188 2841 per
2236 2774 2539 2826 summa
2610 2757 2858 2844 capita
2920 2758 3158 2825 omni·

684 2863 830 2932 hus
879 2861 1344 2931 iudicialibus
1390 2863 1610 2948 Actis,
1660 2880 1859 2950 quae
1907 2881 2187 2948 magno
2236 2862 2706 2932 continentur
2741 2862 3150 2947 volumine;

685 2975 757 3040 et
800 2969 1052 3058 quoad
1102 2971 1218 3038 ius
1264 2970 1595 3058 quinque
1643 2970 1778 3039 sibi
1829 2971 2307 3058 quaestiones
2353 2971 2450 3039 ab
2499 2972 2856 3039 Actorum
2929 2971 3159 3039 visce-

688 3077 897 3146 ribus
944 3077 1433 3164 depromptas
1492 3077 1914 3165 singillatim
1979 3077 2436 3146 evolvendas
2505 3078 2948 3164 suscipienS,
2998 3096 3162 3147 eas·

688 3203 837 3272 que
885 3184 1292 3267 resolvenS,
1344 3187 1646 3255 tandem
1693 3185 1812 3255 die
1857 3187 1946 3254 25
1994 3184 2344 3255 februarii
2396 3186 2571 3254 1869
2619 3186 2816 3255 hanc
2848 3182 3160 3254 definiti·

691 3310 868 3360 vam
914 3291 1214 3378 protulit
1257 3293 1735 3362 sententiam:
3191 3280 3195 3283 ’

830 3420 867 3461 «
903 3399 963 3466 1.
1012 3398 1591 3468 Dissolvendum
1639 3418 1809 3469 esse
1845 3400 2419 3468 ‘matrimonium
2486 3420 2529 3468 a
2599 3399 2902 3468 domina
2973 3399 3157 3468 Iulia

698 3505 1029 3575 «initum
1089 3525 1267 3575 cum
1330 3507 1635 3576 domino
1711 3508 1907 3592 Caio,
1982 3512 2234 3594 utpote
2304 3507 2594 3576 nulliter
2664 3493 3158 3592 contractum,

699 3635 736 3675 «
772 3618 992 3700 prout
1040 3615 1408 3700 praesenti
1458 3613 1836 3684 definitiva
1883 3615 2238 3684 sententia
2291 3614 2796 3683 dissolvimus.

832 3741 869 3782 «
899 3720 964 3787 2.
1015 3720 1688 3790 Condemnandum
1737 3740 1908 3790 esse
1962 3740 2176 3789 reum
2222 3726 2747 3790 contumacem
2818 3720 3162 3789 iudiciali·

702 3849 739 3889 «
773 3826 918 3895 bus
966 3829 1342 3914 expensiS,
1392 3827 1702 3915 aliisque
1750 3828 2050 3897 damnis
2088 3847 2196 3896 ex
2242 3847 2333 3898 eo
2369 3826 2745 3915 praefatae
2811 3827 3161 3897 dominae

702 3955 738 3996 «
770 3935 1045 4003 sortitis
1093 3953 1244 4002 non
1294 3935 1601 4004 exclusa
1653 3935 1899 4004 debita
1946 3934 2327 4020 advocato
2346 3946 2418 4004 et
2450 3936 2910 4021 procuratori
2961 3953 3163 4003 com-

704 4061 740 4103 «
772 4043 1227 4128 pensatione,
1255 4047 1475 4129 prout
1509 4043 1877 4129 praesenti
1913 4041 2292 4111 definitiva
2321 4043 2679 4111 sententia
2715 4043 3164 4111 condemna-

703 4170 739 4210 «
776 4167 949 4216 mus
980 4170 1043 4216 ».
1092 4151 1181 4218 Et
1225 4150 1321 4219 ita
1369 4157 1502 4219 etc.
1554 4147 1720 4235 (Cfr.
1770 4152 1932 4218 Act.
1981 4148 2127 4218 foll.
2173 4150 2537 4234 207-244).

837 4258 942 4325 13.
977 4257 1094 4326 Ab
1125 4258 1267 4325 hac
1300 4258 1659 4327 sententia
1695 4265 1956 4325 contra
2002 4258 2450 4326 matrimonii
2482 4256 2889 4344 supradicti
2925 4255 3165 4325 validi-

700 4367 923 4434 tatem
976 4363 1113 4431 lata
1166 4364 1425 4432 Fiscus
1472 4369 1544 4431 et
1576 4363 1965 4432 validitatis
2017 4364 2459 4432 matrimonii
2503 4382 2601 4431 ex
2632 4362 2878 4433 officio
2923 4360 3165 4431 defen-

702 4486 849 4553 sor,
899 4469 993 4537 ad
1045 4487 1391 4537 normam
1442 4470 1555 4537 cit.
1606 4470 1854 4539 Const.
1923 4468 2065 4538 Dei
2121 4467 2604 4539 miseratione
2649 4472 2694 4553 g
2738 4471 2805 4557 8,
2869 4471 2996 4538 rite
3039 4486 3162 4554 ap·

702 4573 1003 4660 pellavit
1047 4575 1142 4643 ad
1191 4595 1250 4643 5.
1300 4575 1790 4662 apostolicam
1839 4575 2114 4645 Sedem
2165 4595 2300 4663 pro
2335 4577 2676 4646 eiusdem
2712 4575 3163 4646 matrimonii
