3509 5317
737 499 874 559 ..5.-

256 638 337 706 Hac
360 636 484 723 itaque
507 636 681 707 decretali
698 637 776 706 duo
793 635 962 708 Pontifex
977 636 1166 724 distinguit
1181 654 1322 725 genera
1336 655 1421 706 con·

187 743 390 814 ditionum:
415 746 579 832 primum
605 744 773 816 videlicet
796 764 928 816 earum
952 764 1050 833 quae
1073 750 1162 815 sunt
1183 750 1317 814 contra
1343 745 1425 815 sub-

188 853 372 923 stantiam
383 850 616 922 matrimonii
619 873 635 938 ;
651 853 810 924 alterum
825 872 916 924 vero
933 854 1079 924 illarum
1096 872 1195 941 quae
1210 858 1274 922 aut
1293 857 1424 942 turpes

176 945 278 1029 'sunt
301 966 366 1030 aut
387 957 648 1049 impossibiles,
682 960 778 1030 idest
807 980 905 1049 quae
929 960 1137 1031 executioni
1165 960 1335 1030 mauduni
1360 980 1423 1031 ne·

188 1072 342 1157 queunt.
365 1103 388 1118 -
411 1067 582 1138 Declarat
605 1074 736 1138 autem
760 1069 881 1157 Papa,
910 1068 1056 1137 nullum
1081 1072 1118 1137 et
1139 1068 1285 1137 irritum
1319 1069 1423 1138 reddi

190 1173 469 1244 matrimonium
502 1193 568 1261 per
590 1175 826 1247 conditiones
857 1175 1063 1248 contrarias
1087 1174 1311 1244 matrimonii
1339 1176 1426 1244 sub-

189 1283 346 1354 stantiae
361 1284 397 1351 in
414 1282 582 1353 eiusdem
598 1289 793 1354 contractu
811 1285 1002 1373 appositas
1011 1304 1021 1372 ;
1046 1322 1066 1332 -
1090 1284 1120 1353 si
1141 1283 1283 1353 veroin
1302 1282 1427 1353 matri·

190 1392 317 1460 monio
332 1391 587 1461 contrahendo
603 1393 796 1478 appositae
812 1377 936 1461 solum
952 1390 1088 1460 luerint
1103 1391 1258 1460 secundi
1274 1391 1422 1479 generis

187 1498 428 1584 conditiones,
453 1497 548 1567 idest
569 1502 699 1585 turpes
715 1504 779 1568 aut
793 1498 1053 1586 impossibiles,
1077 1497 1240 1566 illicitum
1265 1497 1417 1584 quidem

187 1603 269 1675 lieri
293 1605 572 1676 matrimonium
597 1605 665 1674 sed
682 1605 861 1694 validum,
887 1612 923 1676 et
945 1605 1176 1676 conditiones
1200 1604 1329 1675 haberi
1354 1624 1423 1691 pro

188 1726 266 1777 non
289 1706 468 1796 appositis
485 1706 507 1774 ¹.
1076 1773 1078 1778 ,

255 1817 288 1884 6.
312 1815 419 1885 Alius
441 1816 551 1885 etiam
577 1815 699 1884 Error
714 1816 855 1887 cadens
871 1817 906 1885 in
924 1834 1110 1905 personae
1125 1813 1335 1884 libertatem
1351 1834 1419 1885 seu

187 1925 225 1993 in
250 1921 421 1993 seruilem
449 1921 696 1992 conditionem
726 1926 928 2012 compartis
962 1924 1098 1993 dirimit
1129 1923 1420 1994 matrimonium.

187 2033 273 2101 Non
286 2031 437 2118 quidem
450 2030 616 2101 videlicet
627 2049 717 2100 curn
733 2036 889 2119 uterque
901 2032 1128 2102 contrahens
1141 2033 1289 2119 proprie
1301 2031 1420 2103 dictae

187 2138 356 2207 servituti
379 2137 550 2206 addictus
572 2138 635 2208 sit:
660 2142 750 2208 tuuc
769 2138 869 2207 enim
894 2156 981 2208 cum
1007 2139 1176 2209 eiusdem
1201 2138 1275 2207 sint
1296 2138 1422 2208 condi·

188 2247 299 2317 tionis
325 2245 480 2333 servilis,
498 2247 778 2316 matrimonium
796 2246 890 2315 inter
913 2265 955 2316 se
972 2245 1093 2316 valide
1115 2245 1340 2315 contrahunt
1353 2242 1375 2332 ²;
1399 2283 1422 2294 -

187 2349 257 2420 sed
280 2368 366 2419 cum
393 2350 449 2417 vir
472 2349 564 2418 liber
587 2354 688 2418 certo
713 2354 838 2436 putat,
869 2368 912 2418 se
936 2349 1157 2421 contrahere
1186 2366 1273 2417 cum
1304 2347 1416 2418 libera

187 2463 224 2527 et
247 2458 424 2546 ingenua,
454 2475 553 2544 quae
578 2463 704 2526 tamen
729 2475 804 2525 non
829 2457 875 2526 sit
898 2457 1104 2543 eiusmodi,
1133 2462 1324 2527 utcontra
1349 2457 1422 2527 sub

188 2564 328 2633 domini
354 2568 532 2653 potestate
546 2568 640 2634 actu
665 2565 712 2635 ita
736 2566 944 2650 constituta,
970 2572 1101 2635 utnon
1118 2565 1231 2634 modo
1248 2566 1418 2635 eiusdem

187 2672 426 2743 iurisdictioni
445 2680 622 2761 tanquam
640 2673 799 2760 subdita,
813 2679 879 2743 aut
894 2673 975 2743 eius
991 2674 1233 2745 oeconomico
1251 2673 1420 2762 regimini

188 2789 367 2868 tanquam
392 2778 531 2850 famula
550 2780 607 2849 vel
624 2799 734 2850 serva
751 2780 883 2870 glebae
898 2781 1123 2866 subiiciatur,
1140 2782 1208 2851 sed
1224 2787 1419 2869 tamquam

188 2888 416 2975 mancipium
449 2872 519 2956 seu
542 2905 654 2957 serva
678 2886 738 2956 vel
760 2907 897 2958 servus
924 2888 1048 2958 stricte
1072 2888 1229 2976 sumpti:
1262 2889 1357 2957 adeo
1382 2893 1422 2957 ut

188 3002 372 3085 patronus
393 2996 429 3063 in
454 2996 639 3065 eiusmodi
659 2996 846 3083 mancipia
861 3015 930 3066 seu
947 3014 1081 3066 servos
1096 2995 1245 3082 plenam
1263 3015 1419 3076 exerere

189 3102 312 3174 valeat
339 3106 577 3189 potestatem,
611 3108 647 3172 et
669 3121 737 3191 per
766 3120 1006 3191 consequens
1036 3121 1103 3172 eos
1133 3110 1312 3191 tauquam
1338 3122 1420 3173 rem

187 3229 300 3282 suam
326 3208 506 3291 vendere,
531 3209 611 3279 aliis
642 3211 782 3297 locare,
812 3229 889 3299 quo
914 3211 1071 3281 voluerit
1094 3211 1362 3293 transmittere,
1387 3216 1423 3280 et

187 3317 414 3410 quibuslibet
445 3316 548 3386 licitis
576 3317 754 3404 operibus
785 3318 968 3387 addicere.
1007 3318 1108 3387 ldem
1141 3319 1341 3387 dicendum
1374 3316 1421 3387 de

188 3425 346 3495 muliere
368 3423 482 3493 libera
507 3434 679 3510 respectu
704 3424 816 3509 servi,
841 3443 955 3512 quem
982 3425 1141 3494 liberum
1165 3433 1201 3495 et
1216 3425 1422 3512 ingenuum

187 3530 354 3619 putabat.

258 3842 269 3880 ¹
292 3840 449 3902 Benedici.
472 3840 547 3901 XIV
570 3839 648 3899 idid.
672 3841 691 3915 ἓ
714 3839 746 3908 6,
768 3843 801 3900 et
821 3840 975 3899 rationem
997 3839 1084 3898 addit
1104 3838 1144 3912 ἐξ
1167 3837 1241 3895 7-8.

259 3940 319 4000 Sed
339 3940 431 4017 plura
452 3938 522 3999 ride
542 3939 622 4017 apud
644 3937 830 3999 Laui-eniam
854 3938 909 3998 lid.
932 3936 966 3996 4.
990 3939 1038 3997 tit.
1062 3935 1094 3995 5.
1118 3937 1158 3994 de
1179 3934 1422 3994 conditionibus

187 4040 350 4118 appositis
366 4039 405 4095 in
418 4038 603 4113 despumat.
618 4037 761 4113 aliisque
774 4044 932 4095 contract.
945 4041 1093 4112 aquaest
1110 4035 1168 4094 172
1180 4036 1220 4095 ad
1230 4040 1349 4113 quaest.
1366 4023 1423 4095 177

187 4136 352 4199 inclusive.
377 4136 456 4195 Fusa
477 4135 562 4195 euim
580 4140 613 4195 et
633 4136 793 4213 perspicue
814 4134 941 4196 disserit
954 4140 987 4195 et
1007 4135 1150 4211 inquirit,
1174 4154 1212 4195 an
1234 4139 1267 4195 et
1286 4135 1423 4211 qualiter

187 4236 341 4296 subsistat
362 4234 594 4295 matrimonium
613 4238 808 4294 contractum
829 4235 885 4292 sub
907 4234 1080 4293 conditione
1096 4235 1225 4293 honesta
1246 4234 1282 4292 de
1303 4238 1423 4310 praete-

187 4333 264 4405 rito,
287 4336 451 4410 praesente
471 4336 503 4391 et
526 4331 646 4402 futur03
661 4332 766 4390 -sub
788 4331 964 4391 conditione
985 4325 1187 4408 impossibili3
1200 4362 1238 4375 -
1251 4333 1306 4391 sub
1321 4329 1424 4391 condi-

188 4432 275 4491 tione
295 4430 402 4508 turpi3
418 4459 458 4476 -
472 4433 541 4507 post
561 4433 704 4506 tempus3
722 4461 758 4473 -
774 4447 812 4488 ex
829 4447 922 4489 causa
943 4447 995 4489 seu
1017 4430 1297 4501 demonstratione3
1314 4429 1422 4487 -sub

192 4528 290 4587 modo.
461 4538 466 4548 '

257 4624 367 4702 ’Gap
391 4624 532 4701 utiquam
557 4625 588 4695 1,
609 4626 649 4685 de
670 4626 826 4703 coniugio
848 4642 1029 4685 servorum.
