3509 5317
1766 486 2123 546 -116-

729 624 919 691 imno
944 621 1292 724 recipere,
1311 626 1384 691 et
1406 641 1490 691 ea
1502 642 1596 709 m,
1619 641 1853 710 quam
1878 623 2433 712 praediligebat,
2461 623 2846 693 dimittere.
2869 623 3195 694 Aliunde

729 732 882 799 aire
929 731 1114 818 quia·
1154 731 1355 818 prior
1403 731 1722 819 legitima
1776 750 1972 801 uxor
2021 731 2466 820 interpellari
2520 750 2667 800 non
2743 737 3035 819 poterat
3103 751 3193 802 eo

725 838 927 924 quod
978 839 1480 927 ignorabatur,
1514 844 1586 909 et
1615 837 1873 908 forsan
1909 840 2054 908 iam
2090 843 2162 907 et
2193 839 2351 927 ipsa
2388 839 2486 910 ad
2527 837 2755 908 fldem
2790 857 3192 927 conversa3

737 948 841 1012 rel
889 946 1059 1033 quia
1113 947 1408 1016 inventa
1459 952 1531 1014 et
1576 946 2056 1033 interpellata,
2105 947 2624 1016 consentiebat
2667 946 2998 1017 converti
3074 947 3191 1016 vel

729 1053 1151 1123 mibabitare
1197 1051 1528 1142 pacifice,
1580 1052 2063 1123 nihilominus
2112 1059 2476 1142 tanquam
2510 1073 2740 1124 exosa
2774 1073 2821 1123 a
2854 1055 3018 1123 viro
3050 1073 3193 1124 suo

733 1160 1231 1230 reficiebatur:
1281 1160 1351 1228 in
1401 1165 1669 1230 neutro
1717 1180 1903 1231 casu
1950 1161 2090 1230 dici
2141 1168 2432 1249 poterat
2465 1161 2716 1230 locum
2750 1162 3034 1232 habere
3059 1163 3196 1249 pri·

737 1268 1079 1355 vilegium
1127 1267 1332 1336 Pauli
1385 1268 1819 1337 transeundi
1867 1268 1962 1338 ad
2011 1269 2196 1338 alias
2250 1268 2590 1355 nuptiaS,
2667 1268 2785 1337 vel
2851 1269 3027 1357 quia
3100 1269 3194 1340 de

733 1376 1014 1460 primae
1047 1375 1308 1444 uxoris
1337 1371 1669 1456 discessu
1702 1383 2047 1446 constare
2078 1394 2230 1443 non
2259 1387 2566 1462 poterat,
2604 1375 2715 1444 vel
2751 1378 2924 1462 quia
2958 1367 3192 1448 causa

733 1492 797 1548 vt.
845 1481 1163 1551 conditio
1211 1482 1468 1551 deerat
1515 1483 1840 1569 primam
1889 1483 2091 1553 illam
2139 1488 2212 1553 et
2282 1483 2690 1571 legitimam
2759 1483 3192 1555 dimittendi.

737 1589 1081 1658 Manebat
1125 1589 1373 1676 itaque
1419 1587 1730 1659 firmum
1764 1591 2032 1678 prioris
2074 1590 2454 1659 vinculum
2492 1590 2960 1679 matrimonii,
2989 1595 3189 1679 quod

733 1698 916 1765 mlvi
964 1716 1100 1784 per
1143 1696 1328 1767 alias
1375 1699 1675 1786 nuptias
1723 1698 2097 1786 nequibat.

863 1806 1130 1893 Magna
1183 1806 1428 1893 itaque
1476 1807 2057 1893 Episcoporum,
2107 1806 2624 1875 parochorum
2675 1811 2747 1876 et
2804 1806 3195 1875 Missiona-

737 1916 1010 1980 riorum
1062 1913 1453 1997 anxietate,
1505 1913 1693 1981 baec
1737 1913 1836 1983 ad
1885 1911 2372 1998 apostolicam
2409 1911 2684 1982 Sedem
2715 1910 3019 1982 fuerunt
3061 1932 3193 1999 pro

733 2022 1152 2104 opportuno
1222 2019 1554 2088 remedio
1623 2018 1888 2089 delata.
1961 2019 2138 2089 Pius
2206 2025 2461 2089 autem
2508 2019 2578 2086 V
2643 2018 2897 2088 litteris
2951 2020 3093 2089 diei
3152 2022 3195 2089 2

733 2125 1026 2211 augusti
1097 2143 1217 2193 an.
1268 2127 1436 2194 1571
1493 2125 1549 2211 ¹,
1602 2126 1929 2213 vestigiis
1998 2126 2400 2195 inhaerens
2470 2124 2680 2194 Pauli
2749 2125 2842 2193 111
2892 2124 2955 2211 ²,
3002 2144 3196 2214 quos

737 2239 995 2316 postea
1042 2229 1322 2299 ratione
1370 2250 1518 2300 non
1569 2231 1888 2300 absimili
1957 2237 2266 2301 secutus
2338 2230 2469 2300 fuit
2546 2232 2957 2320 Gregorius
3023 2231 3193 2300 XIII

741 2337 983 2407 luteris
1029 2357 1265 2426 supra
1309 2340 1559 2426 citatis,
1610 2339 1706 2409 ad
1758 2340 1944 2409 baec
1994 2339 2331 2428 urgentia
2387 2358 2644 2409 rerum
2697 2340 2891 2406 hanc
2962 2339 3194 2407 attulit

741 2446 1284 2532 provisionem:
1337 2468 1372 2509 «
1408 2448 1728 2517 Romani
1778 2445 2181 2517 Pontifices
2213 2453 2345 2517 etc.
2381 2485 2427 2494 -
2460 2447 2647 2516 Cum
2692 2447 2960 2533 itaque,
3009 2446 3196 2515 sicut

737 2553 1185 2639 accepimus,
1237 2553 1435 2623 Indis
1483 2554 1554 2622 in
1603 2574 1743 2624 sua
1778 2553 2210 2625 infidelitate
2244 2554 2719 2625 manentibus
2755 2555 3009 2640 plures
3042 2572 3196 2641 per-

741 2660 1114 2730 mittantur
1163 2680 1464 2749 uxoreS,
1512 2682 1706 2751 quas
1753 2662 1890 2749 ipsi
1941 2663 2187 2732 etiam·
2224 2662 2620 2731 levissimis
2667 2663 2763 2732 de
2808 2663 3054 2733 causis
3088 2682 3192 2733 re-

741 2767 1063 2854 pudiant,
1113 2769 1285 2837 hinc
1330 2767 1608 2839 factum
1658 2775 1790 2854 est,
1863 2768 2065 2856 quod
2142 2769 2668 2856 recipientibus
2739 2770 3195 2857 baptismum

741 2877 1190 2960 permissum
1240 2877 1334 2946 sit
1379 2895 1773 2970 remanere
1820 2895 1998 2944 cum
2046 2895 2132 2946 ea
2190 2895 2453 2963 uxore,
2503 2895 2699 2964 quae
2745 2878 2971 2946 simul
3021 2897 3194 2947 cum

745 2983 1001 3052 marito
1051 2984 1417 3070 baptizata
1466 2985 1752 3071 existit;
1817 2994 1889 3055 et
1957 2986 2130 3072 quia
2200 3004 2754 3073 saepenumero
2823 2988 3193 3076 contingit,

737 3088 939 3156 slis-sm
1008 3109 1156 3157 non
1225 3110 1384 3158 esse
1447 3089 1787 3179 primam
1832 3090 2217 3182 coniugem
2271 3091 2294 3127 ⁸
2319 3147 2337 3179 ,
2389 3083 2626 3162 unde
2663 3097 2812 3163 tam
2889 3095 3197 3165 Ministri

737 3218 962 3284 quam
1014 3200 1358 3288 Episcopi
1407 3199 1875 3288 gravissimis
1941 3200 2319 3287 scrupulis
2411 3206 2889 3289 torquentur,
2962 3203 3199 3272 existi·

741 3313 1029 3376 mantes
1077 3307 1252 3377 illud
1302 3327 1453 3377 non
1501 3327 1671 3378 esse
1719 3327 1985 3377 verum
2040 3309 2602 3378 matrimonium
2629 3328 2648 3395 3
2699 3310 2832 3379 sed
2866 3312 3042 3397 quia
3077 3310 3199 3380 du·

745 3415 1121 3485 vissimum
1167 3421 1280 3485 est
1325 3435 1682 3504 separare
1731 3435 1864 3485 eos
1910 3416 2008 3486 ab
2057 3416 2449 3503 uxoribus,
2499 3436 2676 3486 cum
2724 3418 3001 3505 quibus
3065 3419 3196 3506 ipsi

745 3522 892 3590 ludi
941 3523 1396 3610 baptismum
1446 3529 1966 3610 susceperunt,
2026 3524 2359 3594 maxime
2433 3525 2612 3612 quia
2679 3523 3200 3612 difficillimum

725 3632 936 3708 ,soret
962 3625 1298 3717 primam
1327 3628 1710 3720 eoniayem
1743 3627 2080 3718 reperire
2106 3647 2129 3694 .·
2179 3630 2346 3699 ideo
2380 3648 2522 3698 nos
2554 3631 2775 3700 statui
2830 3630 3197 3700 dictorum

749 3737 1095 3806 ludorum
1147 3744 1455 3825 paterno
1503 3737 1777 3808 affectu
1826 3739 2145 3827 benigne
2193 3738 2627 3822 consulere,
2699 3747 2924 3825 atque
2996 3739 3200 3826 ipsos

746 3845 1151 3932 {ipiscopos
1198 3854 1270 3914 et
1318 3846 1691 3914 Ministros
1747 3846 1844 3915 ab
1916 3846 2347 3915 huiusmodi
2417 3846 2792 3932 scrupulis
2864 3846 3199 3916 eximere

749 3952 1096 4036 unientes,
1147 3957 1355 4020 motu
1406 3950 1711 4038 proprio
1761 3959 1832 4020 et
1877 3958 2078 4023 certa
2126 3953 2454 4039 scientia,
2489 3960 2756 4022 nostra
2787 3957 2861 4021 et
2902 3958 3193 4042 aposto·

877 4112 892 4148 ¹
941 4112 1070 4170 Has
1113 4111 1366 4172 litteras
1408 4115 1508 4172 Pii
1542 4114 1597 4171 V
1640 4115 1830 4173 habes
1895 4114 1958 4172 in
2019 4115 2127 4174 cit.
2188 4115 2610 4174 Collectanea
2658 4118 3004 4175 societatis
3053 4117 3202 4173 Mis·

745 4216 1005 4268 sianum
1042 4227 1242 4286 payy.
1292 4210 1635 4270 407-408.
1686 4230 1753 4270 n.
1810 4209 1967 4270 919.

871 4311 895 4347 ‘³
940 4311 1021 4371 Et
1083 4311 1197 4369 has
1258 4311 1442 4371 Pauli
1486 4312 1577 4371 111
1642 4313 1892 4371 litteras
1959 4312 2148 4371 habes
2203 4313 2262 4370 in
2307 4313 2517 4371 eadem
2568 4313 2982 4371 Collectanea
3049 4313 3193 4372 ibid.

863 4406 1023 4466 918.
1069 4427 1178 4484 pro
1223 4408 1388 4467 Indis
1430 4409 1913 4468 occidentalibus
1956 4410 2155 4468 dataS.
2838 4406 2850 4411 ’

874 4506 896 4541 ³
943 4507 1097 4564 Dum
1160 4511 1298 4583 post
1358 4508 1817 4584 promulgatam
1862 4508 2292 4584 evangelicam
2349 4509 2549 4585 legem
2615 4510 2747 4569 sola
2793 4511 3024 4584 μὴ’-πα
3073 4511 3197 4569 iure

753 4620 825 4660 κιτ..
870 4603 1174 4679 legitima.
