<?xml version="1.0" encoding="UTF-8"?>
<!DOCTYPE html PUBLIC "-//W3C//DTD XHTML 1.0 Transitional//EN"
    "http://www.w3.org/TR/xhtml1/DTD/xhtml1-transitional.dtd">
<html xmlns="http://www.w3.org/1999/xhtml" xml:lang="en" lang="en">
 <head>
  <title>
</title>
<meta http-equiv="Content-Type" content="text/html;charset=utf-8" />
  <meta name='ocr-system' content='tesseract 3.04.00' />
  <meta name='ocr-capabilities' content='ocr_page ocr_carea ocr_par ocr_line ocrx_word'/>
</head>
<body>
  <div class='ocr_page' id='page_1' title='image "./decausismatrimo00mansgoog_0223.png"; bbox 0 0 3509 5317; ppageno 0'>
   <div class='ocr_carea' id='block_1_1' title="bbox 293 540 2757 875">
    <p class='ocr_par' dir='ltr' id='par_1_1' title="bbox 293 540 2757 875">
     <span class='ocr_line' id='line_1_1' title="bbox 1344 540 1701 600; baseline 0.003 -1"><span class='ocrx_word' id='word_1_1' title='bbox 1344 571 1420 584; x_wconf 89' lang='lat'>—</span> <span class='ocrx_word' id='word_1_2' title='bbox 1463 540 1577 600; x_wconf 82' lang='lat'><strong>211</strong></span> <span class='ocrx_word' id='word_1_3' title='bbox 1625 572 1701 586; x_wconf 91' lang='lat'>—</span> 
     </span>
     <span class='ocr_line' id='line_1_2' title="bbox 293 673 2757 766; baseline 0.003 -27"><span class='ocrx_word' id='word_1_4' title='bbox 293 674 544 742; x_wconf 84' lang='lat' dir='ltr'><strong>tam».</strong></span> <span class='ocrx_word' id='word_1_5' title='bbox 596 673 717 744; x_wconf 90' lang='lat' dir='ltr'><strong>Sic</strong></span> <span class='ocrx_word' id='word_1_6' title='bbox 764 695 929 766; x_wconf 76' lang='lat' dir='ltr'><strong>eg.</strong></span> <span class='ocrx_word' id='word_1_7' title='bbox 981 693 1064 744; x_wconf 91' lang='lat' dir='ltr'><strong>ea</strong></span> <span class='ocrx_word' id='word_1_8' title='bbox 1119 676 1278 763; x_wconf 89' lang='lat' dir='ltr'><strong>ipsa</strong></span> <span class='ocrx_word' id='word_1_9' title='bbox 1334 679 1736 765; x_wconf 87' lang='lat' dir='ltr'><strong>sententia,</strong></span> <span class='ocrx_word' id='word_1_10' title='bbox 1791 697 1933 766; x_wconf 87' lang='lat' dir='ltr'><strong>qua</strong></span> <span class='ocrx_word' id='word_1_11' title='bbox 2008 678 2562 749; x_wconf 71' lang='lat' dir='ltr'><strong>matrimonium</strong></span> <span class='ocrx_word' id='word_1_12' title='bbox 2641 682 2757 746; x_wconf 46' lang='grc' dir='ltr'><strong>11(-τ</strong></span> 
     </span>
     <span class='ocr_line' id='line_1_3' title="bbox 294 781 2753 875; baseline 0.001 -27"><span class='ocrx_word' id='word_1_13' title='bbox 294 781 621 852; x_wconf 89' lang='lat' dir='ltr'><strong>claratur</strong></span> <span class='ocrx_word' id='word_1_14' title='bbox 669 783 954 852; x_wconf 87' lang='lat' dir='ltr'><strong>irritum</strong></span> <span class='ocrx_word' id='word_1_15' title='bbox 1005 792 1078 854; x_wconf 83' lang='lat' dir='ltr'><strong>et</strong></span> <span class='ocrx_word' id='word_1_16' title='bbox 1140 783 1755 871; x_wconf 88' lang='lat' dir='ltr'><strong>dissolvendum,</strong></span> <span class='ocrx_word' id='word_1_17' title='bbox 1808 784 2184 875; x_wconf 86' lang='lat' dir='ltr'><strong>simulque</strong></span> <span class='ocrx_word' id='word_1_18' title='bbox 2247 790 2753 856; x_wconf 50' lang='lat' dir='ltr'><strong>succumbi-us</strong></span> 
     </span>
    </p>
   </div>
   <div class='ocr_carea' id='block_1_2' title="bbox 290 889 2753 1519">
    <p class='ocr_par' dir='ltr' id='par_1_2' title="bbox 290 889 2753 1519">
     <span class='ocr_line' id='line_1_4' title="bbox 292 889 2745 980; baseline 0.001 -24"><span class='ocrx_word' id='word_1_19' title='bbox 292 889 364 957; x_wconf 90' lang='lat' dir='ltr'><strong>in</strong></span> <span class='ocrx_word' id='word_1_20' title='bbox 415 890 553 959; x_wconf 89' lang='lat' dir='ltr'><strong>litis</strong></span> <span class='ocrx_word' id='word_1_21' title='bbox 602 891 1004 961; x_wconf 87' lang='lat' dir='ltr'><strong>damnatur</strong></span> <span class='ocrx_word' id='word_1_22' title='bbox 1053 909 1459 979; x_wconf 85' lang='lat' dir='ltr'><strong>expensas,</strong></span> <span class='ocrx_word' id='word_1_23' title='bbox 1515 893 1676 962; x_wconf 89' lang='lat' dir='ltr'><strong>licet</strong></span> <span class='ocrx_word' id='word_1_24' title='bbox 1722 893 1971 980; x_wconf 87' lang='lat' dir='ltr'><strong>quoad</strong></span> <span class='ocrx_word' id='word_1_25' title='bbox 2022 895 2577 963; x_wconf 72' lang='lat' dir='ltr'><strong>matrimonium</strong></span> <span class='ocrx_word' id='word_1_26' title='bbox 2617 914 2745 958; x_wconf 56' lang='grc' dir='ltr'><strong>,ψη</strong></span> 
     </span>
     <span class='ocr_line' id='line_1_5' title="bbox 292 996 2741 1074; baseline -0.001 -9"><span class='ocrx_word' id='word_1_27' title='bbox 292 996 564 1066; x_wconf 89' lang='lat' dir='ltr'><strong>dictam</strong></span> <span class='ocrx_word' id='word_1_28' title='bbox 599 998 1164 1067; x_wconf 82' lang='lat' dir='ltr'>dissolutionem</span> <span class='ocrx_word' id='word_1_29' title='bbox 1202 1016 1351 1067; x_wconf 90' lang='lat' dir='ltr'><strong>non</strong></span> <span class='ocrx_word' id='word_1_30' title='bbox 1392 1004 1720 1070; x_wconf 87' lang='lat' dir='ltr'><strong>transeat</strong></span> <span class='ocrx_word' id='word_1_31' title='bbox 1750 1001 1821 1066; x_wconf 90' lang='lat' dir='ltr'><strong>in</strong></span> <span class='ocrx_word' id='word_1_32' title='bbox 1850 1018 2008 1068; x_wconf 89' lang='lat' dir='ltr'><strong>rem</strong></span> <span class='ocrx_word' id='word_1_33' title='bbox 2047 999 2461 1074; x_wconf 55' lang='lat' dir='ltr'><strong>iudicatam,</strong></span> <span class='ocrx_word' id='word_1_34' title='bbox 2505 1006 2741 1066; x_wconf 40' lang='lat' dir='ltr'><strong>nanus-il</strong></span> 
     </span>
     <span class='ocr_line' id='line_1_6' title="bbox 292 1105 2743 1195; baseline -0.002 -21"><span class='ocrx_word' id='word_1_35' title='bbox 292 1110 541 1174; x_wconf 87' lang='lat' dir='ltr'><strong>tamen</strong></span> <span class='ocrx_word' id='word_1_36' title='bbox 593 1106 663 1172; x_wconf 90' lang='lat' dir='ltr'><strong>in</strong></span> <span class='ocrx_word' id='word_1_37' title='bbox 714 1105 1121 1176; x_wconf 87' lang='lat' dir='ltr'><strong>iudicatum</strong></span> <span class='ocrx_word' id='word_1_38' title='bbox 1194 1108 1318 1176; x_wconf 90' lang='lat' dir='ltr'><strong>ubi</strong></span> <span class='ocrx_word' id='word_1_39' title='bbox 1382 1107 1479 1176; x_wconf 86' lang='lat' dir='ltr'><strong>ab</strong></span> <span class='ocrx_word' id='word_1_40' title='bbox 1546 1127 1631 1176; x_wconf 87' lang='lat' dir='ltr'><strong>ea</strong></span> <span class='ocrx_word' id='word_1_41' title='bbox 1696 1107 2149 1195; x_wconf 87' lang='lat' dir='ltr'><strong>appellatum</strong></span> <span class='ocrx_word' id='word_1_42' title='bbox 2200 1127 2350 1177; x_wconf 90' lang='lat' dir='ltr'><strong>non</strong></span> <span class='ocrx_word' id='word_1_43' title='bbox 2401 1118 2504 1178; x_wconf 69' lang='lat' dir='ltr'><strong>est</strong></span> <span class='ocrx_word' id='word_1_44' title='bbox 2573 1114 2743 1174; x_wconf 56' lang='lat' dir='ltr'><strong>inum</strong></span> 
     </span>
     <span class='ocr_line' id='line_1_7' title="bbox 290 1211 2753 1303; baseline 0 -23"><span class='ocrx_word' id='word_1_45' title='bbox 290 1211 544 1281; x_wconf 81' lang='lat' dir='ltr'><strong>decem</strong></span> <span class='ocrx_word' id='word_1_46' title='bbox 590 1211 777 1299; x_wconf 72' lang='lat' dir='ltr'><strong>dieS,</strong></span> <span class='ocrx_word' id='word_1_47' title='bbox 834 1215 1085 1302; x_wconf 88' lang='lat' dir='ltr'><strong>quoad</strong></span> <span class='ocrx_word' id='word_1_48' title='bbox 1138 1215 1282 1283; x_wconf 87' lang='lat' dir='ltr'><strong>litis</strong></span> <span class='ocrx_word' id='word_1_49' title='bbox 1333 1232 1754 1302; x_wconf 83' lang='lat' dir='ltr'><strong>expensas,</strong></span> <span class='ocrx_word' id='word_1_50' title='bbox 1805 1216 2153 1303; x_wconf 87' lang='lat' dir='ltr'><strong>quamvis</strong></span> <span class='ocrx_word' id='word_1_51' title='bbox 2202 1223 2453 1303; x_wconf 83' lang='lat' dir='ltr'><strong>postea</strong></span> <span class='ocrx_word' id='word_1_52' title='bbox 2505 1222 2601 1282; x_wconf 58' lang='lat' dir='ltr'><strong>ml*</strong></span> <span class='ocrx_word' id='word_1_53' title='bbox 2653 1242 2753 1282; x_wconf 61' lang='lat' dir='ltr'><strong>vr·-</strong></span> 
     </span>
     <span class='ocr_line' id='line_1_8' title="bbox 294 1321 2745 1413; baseline -0.001 -25"><span class='ocrx_word' id='word_1_54' title='bbox 294 1338 543 1390; x_wconf 91' lang='lat' dir='ltr'><strong>rorem</strong></span> <span class='ocrx_word' id='word_1_55' title='bbox 578 1321 975 1409; x_wconf 79' lang='lat' dir='ltr'><strong>detectum,</strong></span> <span class='ocrx_word' id='word_1_56' title='bbox 1012 1322 1464 1393; x_wconf 89' lang='lat' dir='ltr'><strong>dissolutum</strong></span> <span class='ocrx_word' id='word_1_57' title='bbox 1517 1328 1977 1393; x_wconf 77' lang='lat' dir='ltr'><strong>restauretur</strong></span> <span class='ocrx_word' id='word_1_58' title='bbox 2024 1325 2473 1413; x_wconf 81' lang='lat' dir='ltr'><strong>coniugium.</strong></span> <span class='ocrx_word' id='word_1_59' title='bbox 2517 1334 2745 1410; x_wconf 45' lang='lat' dir='ltr'><strong>simum</strong></span> 
     </span>
     <span class='ocr_line' id='line_1_9' title="bbox 290 1427 2749 1519; baseline 0.002 -25"><span class='ocrx_word' id='word_1_60' title='bbox 290 1427 382 1498; x_wconf 89' lang='lat' dir='ltr'><strong>ita</strong></span> <span class='ocrx_word' id='word_1_61' title='bbox 432 1429 600 1497; x_wconf 90' lang='lat' dir='ltr'><strong>talis</strong></span> <span class='ocrx_word' id='word_1_62' title='bbox 647 1431 1012 1499; x_wconf 86' lang='lat' dir='ltr'><strong>sententia</strong></span> <span class='ocrx_word' id='word_1_63' title='bbox 1058 1449 1210 1517; x_wconf 80' lang='lat' dir='ltr'><strong>quo</strong></span> <span class='ocrx_word' id='word_1_64' title='bbox 1257 1430 1354 1500; x_wconf 91' lang='lat' dir='ltr'><strong>ad</strong></span> <span class='ocrx_word' id='word_1_65' title='bbox 1405 1447 1787 1517; x_wconf 82' lang='lat' dir='ltr'><strong>expensas</strong></span> <span class='ocrx_word' id='word_1_66' title='bbox 1833 1432 2168 1519; x_wconf 79' lang='lat' dir='ltr'><strong>sequitur</strong></span> <span class='ocrx_word' id='word_1_67' title='bbox 2214 1432 2521 1502; x_wconf 67' lang='lat' dir='ltr'><strong>aliarum</strong></span> <span class='ocrx_word' id='word_1_68' title='bbox 2593 1454 2749 1498; x_wconf 51' lang='lat' dir='ltr'><strong>:cvn-</strong></span> 
     </span>
    </p>
   </div>
   <div class='ocr_carea' id='block_1_3' title="bbox 288 1536 2749 1843">
    <p class='ocr_par' dir='ltr' id='par_1_3' title="bbox 288 1536 2749 1843">
     <span class='ocr_line' id='line_1_10' title="bbox 289 1536 2749 1626; baseline -0 -23"><span class='ocrx_word' id='word_1_69' title='bbox 289 1536 688 1605; x_wconf 87' lang='lat' dir='ltr'><strong>tentiarum</strong></span> <span class='ocrx_word' id='word_1_70' title='bbox 737 1542 1092 1606; x_wconf 90' lang='lat' dir='ltr'><strong>naturam</strong></span> <span class='ocrx_word' id='word_1_71' title='bbox 1143 1543 1215 1607; x_wconf 92' lang='lat' dir='ltr'><strong>et</strong></span> <span class='ocrx_word' id='word_1_72' title='bbox 1261 1538 1781 1609; x_wconf 87' lang='lat' dir='ltr'><strong>conditionem.</strong></span> <span class='ocrx_word' id='word_1_73' title='bbox 1827 1574 1872 1587; x_wconf 92' lang='lat'>-</span> <span class='ocrx_word' id='word_1_74' title='bbox 1921 1539 2098 1607; x_wconf 83' lang='lat' dir='ltr'><strong>Item</strong></span> <span class='ocrx_word' id='word_1_75' title='bbox 2129 1594 2145 1625; x_wconf 90' lang='lat'>‚</span> <span class='ocrx_word' id='word_1_76' title='bbox 2196 1541 2377 1609; x_wconf 90' lang='lat' dir='ltr'><strong>dum</strong></span> <span class='ocrx_word' id='word_1_77' title='bbox 2445 1542 2561 1626; x_wconf 58' lang='lat' dir='ltr'><strong>isui</strong></span> <span class='ocrx_word' id='word_1_78' title='bbox 2633 1542 2749 1606; x_wconf 60' lang='lat' dir='ltr'><strong>ml.-</strong></span> 
     </span>
     <span class='ocr_line' id='line_1_11' title="bbox 288 1645 2749 1735; baseline 0.001 -23"><span class='ocrx_word' id='word_1_79' title='bbox 288 1645 516 1712; x_wconf 86' lang='lat' dir='ltr'><strong>tendit</strong></span> <span class='ocrx_word' id='word_1_80' title='bbox 567 1650 848 1713; x_wconf 87' lang='lat' dir='ltr'><strong>metum</strong></span> <span class='ocrx_word' id='word_1_81' title='bbox 901 1646 1015 1715; x_wconf 91' lang='lat' dir='ltr'><strong>vel</strong></span> <span class='ocrx_word' id='word_1_82' title='bbox 1071 1645 1566 1735; x_wconf 79' lang='lat' dir='ltr'><strong>ignorantiam</strong></span> <span class='ocrx_word' id='word_1_83' title='bbox 1616 1646 2057 1716; x_wconf 86' lang='lat' dir='ltr'><strong>conditionis</strong></span> <span class='ocrx_word' id='word_1_84' title='bbox 2113 1647 2437 1730; x_wconf 67' lang='lat' dir='ltr'><strong>servilis,</strong></span> <span class='ocrx_word' id='word_1_85' title='bbox 2489 1650 2749 1714; x_wconf 55' lang='lat' dir='ltr'><strong>*amalu-</strong></span> 
     </span>
     <span class='ocr_line' id='line_1_12' title="bbox 290 1750 2745 1843; baseline 0 -26"><span class='ocrx_word' id='word_1_86' title='bbox 290 1757 592 1821; x_wconf 88' lang='lat' dir='ltr'><strong>mnatus</strong></span> <span class='ocrx_word' id='word_1_87' title='bbox 638 1758 888 1821; x_wconf 87' lang='lat' dir='ltr'><strong>tamen</strong></span> <span class='ocrx_word' id='word_1_88' title='bbox 940 1750 1110 1837; x_wconf 84' lang='lat' dir='ltr'><strong>fuit,</strong></span> <span class='ocrx_word' id='word_1_89' title='bbox 1161 1759 1232 1822; x_wconf 90' lang='lat' dir='ltr'><strong>et</strong></span> <span class='ocrx_word' id='word_1_90' title='bbox 1283 1772 1420 1840; x_wconf 91' lang='lat' dir='ltr'><strong>pro</strong></span> <span class='ocrx_word' id='word_1_91' title='bbox 1469 1755 1787 1843; x_wconf 82' lang='lat' dir='ltr'><strong>coniugii</strong></span> <span class='ocrx_word' id='word_1_92' title='bbox 1841 1754 2091 1824; x_wconf 92' lang='lat' dir='ltr'><strong>valore</strong></span> <span class='ocrx_word' id='word_1_93' title='bbox 2160 1758 2509 1824; x_wconf 51' lang='lat' dir='ltr'><strong>sententia</strong></span> <span class='ocrx_word' id='word_1_94' title='bbox 2585 1758 2745 1830; x_wconf 46' lang='lat' dir='ltr'><strong>lum,</strong></span> 
     </span>
    </p>
   </div>
   <div class='ocr_carea' id='block_1_4' title="bbox 288 1857 2745 2055">
    <p class='ocr_par' dir='ltr' id='par_1_4' title="bbox 288 1857 2745 2055">
     <span class='ocr_line' id='line_1_13' title="bbox 288 1857 2737 1949; baseline 0.002 -25"><span class='ocrx_word' id='word_1_95' title='bbox 288 1857 382 1925; x_wconf 90' lang='lat' dir='ltr'><strong>ab</strong></span> <span class='ocrx_word' id='word_1_96' title='bbox 416 1859 560 1927; x_wconf 87' lang='lat' dir='ltr'><strong>hac</strong></span> <span class='ocrx_word' id='word_1_97' title='bbox 590 1859 779 1927; x_wconf 89' lang='lat' dir='ltr'><strong>intra</strong></span> <span class='ocrx_word' id='word_1_98' title='bbox 813 1859 1226 1946; x_wconf 84' lang='lat' dir='ltr'><strong>legitimum</strong></span> <span class='ocrx_word' id='word_1_99' title='bbox 1280 1865 1581 1948; x_wconf 90' lang='lat' dir='ltr'><strong>tempus</strong></span> <span class='ocrx_word' id='word_1_100' title='bbox 1628 1880 1776 1929; x_wconf 88' lang='lat' dir='ltr'><strong>non</strong></span> <span class='ocrx_word' id='word_1_101' title='bbox 1814 1861 2155 1949; x_wconf 87' lang='lat' dir='ltr'><strong>appellat,</strong></span> <span class='ocrx_word' id='word_1_102' title='bbox 2191 1862 2449 1930; x_wconf 82' lang='lat' dir='ltr'><strong>eadem</strong></span> <span class='ocrx_word' id='word_1_103' title='bbox 2493 1870 2737 1930; x_wconf 44' lang='lat' dir='ltr'><strong>tra-uisi*</strong></span> 
     </span>
     <span class='ocr_line' id='line_1_14' title="bbox 288 1963 2745 2055; baseline 0.002 -26"><span class='ocrx_word' id='word_1_104' title='bbox 288 1963 357 2030; x_wconf 91' lang='lat' dir='ltr'><strong>in</strong></span> <span class='ocrx_word' id='word_1_105' title='bbox 406 1964 835 2052; x_wconf 87' lang='lat' dir='ltr'><strong>iudicatum,</strong></span> <span class='ocrx_word' id='word_1_106' title='bbox 884 1968 1061 2053; x_wconf 87' lang='lat' dir='ltr'><strong>quia</strong></span> <span class='ocrx_word' id='word_1_107' title='bbox 1108 1986 1287 2054; x_wconf 91' lang='lat' dir='ltr'><strong>pars</strong></span> <span class='ocrx_word' id='word_1_108' title='bbox 1339 1972 1620 2036; x_wconf 90' lang='lat' dir='ltr'><strong>metum</strong></span> <span class='ocrx_word' id='word_1_109' title='bbox 1674 1987 1898 2055; x_wconf 90' lang='lat' dir='ltr'><strong>passa</strong></span> <span class='ocrx_word' id='word_1_110' title='bbox 1953 1968 2066 2035; x_wconf 93' lang='lat' dir='ltr'><strong>vel</strong></span> <span class='ocrx_word' id='word_1_111' title='bbox 2117 1968 2453 2036; x_wconf 77' lang='lat' dir='ltr'><strong>iniuriam</strong></span> <span class='ocrx_word' id='word_1_112' title='bbox 2509 1974 2745 2034; x_wconf 56' lang='lat' dir='ltr'><strong>rumli-</strong></span> 
     </span>
    </p>
   </div>
   <div class='ocr_carea' id='block_1_5' title="bbox 195 2071 2737 2163">
    <p class='ocr_par' dir='ltr' id='par_1_5' title="bbox 195 2071 2737 2163">
     <span class='ocr_line' id='line_1_15' title="bbox 195 2071 2737 2163; baseline 0.001 -23"><span class='ocrx_word' id='word_1_113' title='bbox 195 2115 203 2122; x_wconf 92' lang='lat'>-</span> <span class='ocrx_word' id='word_1_114' title='bbox 285 2071 506 2140; x_wconf 84' lang='lat' dir='ltr'><strong>tionis</strong></span> <span class='ocrx_word' id='word_1_115' title='bbox 554 2072 647 2143; x_wconf 90' lang='lat' dir='ltr'><strong>de</strong></span> <span class='ocrx_word' id='word_1_116' title='bbox 695 2092 892 2142; x_wconf 90' lang='lat' dir='ltr'><strong>novo</strong></span> <span class='ocrx_word' id='word_1_117' title='bbox 941 2075 1010 2142; x_wconf 91' lang='lat' dir='ltr'><strong>in</strong></span> <span class='ocrx_word' id='word_1_118' title='bbox 1067 2075 1624 2144; x_wconf 82' lang='lat' dir='ltr'><strong>matrimonium</strong></span> <span class='ocrx_word' id='word_1_119' title='bbox 1664 2076 2058 2160; x_wconf 87' lang='lat' dir='ltr'><strong>consentit,</strong></span> <span class='ocrx_word' id='word_1_120' title='bbox 2093 2080 2175 2144; x_wconf 88' lang='lat' dir='ltr'><strong>ut</strong></span> <span class='ocrx_word' id='word_1_121' title='bbox 2204 2094 2337 2163; x_wconf 90' lang='lat' dir='ltr'><strong>per</strong></span> <span class='ocrx_word' id='word_1_122' title='bbox 2370 2077 2737 2144; x_wconf 58' lang='lat' dir='ltr'><strong>d÷·-÷2==1·1..=m</strong></span> 
     </span>
    </p>
   </div>
   <div class='ocr_carea' id='block_1_6' title="bbox 281 2180 2741 4307">
    <p class='ocr_par' dir='ltr' id='par_1_6' title="bbox 285 2180 2741 2465">
     <span class='ocr_line' id='line_1_16' title="bbox 289 2180 2741 2270; baseline 0 -24"><span class='ocrx_word' id='word_1_123' title='bbox 289 2180 857 2266; x_wconf 88' lang='lat' dir='ltr'><strong>appellationem</strong></span> <span class='ocrx_word' id='word_1_124' title='bbox 910 2183 1428 2269; x_wconf 82' lang='lat' dir='ltr'><strong>praesumitur</strong></span> <span class='ocrx_word' id='word_1_125' title='bbox 1460 2184 2071 2270; x_wconf 82' lang='lat' dir='ltr'><strong>praesumptione</strong></span> <span class='ocrx_word' id='word_1_126' title='bbox 2103 2183 2286 2252; x_wconf 91' lang='lat' dir='ltr'><strong>iuris</strong></span> <span class='ocrx_word' id='word_1_127' title='bbox 2315 2203 2401 2252; x_wconf 86' lang='lat' dir='ltr'><strong>ac</strong></span> <span class='ocrx_word' id='word_1_128' title='bbox 2437 2189 2525 2250; x_wconf 59' lang='lat' dir='ltr'><strong>*lv</strong></span> <span class='ocrx_word' id='word_1_129' title='bbox 2569 2190 2741 2258; x_wconf 53' lang='lat' dir='ltr'><strong>iun-22</strong></span> 
     </span>
     <span class='ocr_line' id='line_1_17' title="bbox 285 2290 2737 2377; baseline 0.002 -23"><span class='ocrx_word' id='word_1_130' title='bbox 285 2291 355 2355; x_wconf 90' lang='lat' dir='ltr'><strong>et</strong></span> <span class='ocrx_word' id='word_1_131' title='bbox 400 2293 948 2374; x_wconf 79' lang='lat' dir='ltr'><strong>consequenter</strong></span> <span class='ocrx_word' id='word_1_132' title='bbox 981 2308 1134 2357; x_wconf 90' lang='lat' dir='ltr'><strong>non</strong></span> <span class='ocrx_word' id='word_1_133' title='bbox 1169 2290 1488 2359; x_wconf 88' lang='lat' dir='ltr'><strong>nutritur</strong></span> <span class='ocrx_word' id='word_1_134' title='bbox 1532 2297 1948 2377; x_wconf 87' lang='lat' dir='ltr'><strong>peccatum.</strong></span> <span class='ocrx_word' id='word_1_135' title='bbox 1999 2328 2041 2340; x_wconf 92' lang='lat'>-</span> <span class='ocrx_word' id='word_1_136' title='bbox 2090 2291 2290 2360; x_wconf 90' lang='lat' dir='ltr'><strong>Idem</strong></span> <span class='ocrx_word' id='word_1_137' title='bbox 2342 2291 2737 2359; x_wconf 55' lang='lat' dir='ltr'><strong>dirruiluiu</strong></span> 
     </span>
     <span class='ocr_line' id='line_1_18' title="bbox 285 2391 2260 2465; baseline 0.002 -6"><span class='ocrx_word' id='word_1_138' title='bbox 285 2391 376 2462; x_wconf 88' lang='lat' dir='ltr'><strong>de</strong></span> <span class='ocrx_word' id='word_1_139' title='bbox 427 2396 786 2464; x_wconf 89' lang='lat' dir='ltr'><strong>sententia</strong></span> <span class='ocrx_word' id='word_1_140' title='bbox 837 2395 1127 2465; x_wconf 88' lang='lat' dir='ltr'><strong>divortii</strong></span> <span class='ocrx_word' id='word_1_141' title='bbox 1163 2396 1206 2463; x_wconf 85' lang='lat'><strong>¹.</strong></span> <span class='ocrx_word' id='word_1_142' title='bbox 2253 2424 2260 2429; x_wconf 89' lang='lat'><strong>·</strong></span> 
     </span>
    </p>

    <p class='ocr_par' dir='ltr' id='par_1_7' title="bbox 281 2500 2741 4307">
     <span class='ocr_line' id='line_1_19' title="bbox 416 2500 2741 2594; baseline 0.002 -25"><span class='ocrx_word' id='word_1_143' title='bbox 416 2503 483 2569; x_wconf 84' lang='lat'><strong>4.</strong></span> <span class='ocrx_word' id='word_1_144' title='bbox 535 2500 649 2569; x_wconf 92' lang='lat' dir='ltr'><strong>De</strong></span> <span class='ocrx_word' id='word_1_145' title='bbox 694 2501 1041 2571; x_wconf 77' lang='lat' dir='ltr'><strong>adeundo</strong></span> <span class='ocrx_word' id='word_1_146' title='bbox 1094 2501 1334 2574; x_wconf 76' lang='lat' dir='ltr'><strong>iudice</strong></span> <span class='ocrx_word' id='word_1_147' title='bbox 1377 2522 1519 2594; x_wconf 72' lang='lat' dir='ltr'><strong>per*</strong></span> <span class='ocrx_word' id='word_1_148' title='bbox 1567 2504 1766 2573; x_wconf 76' lang='lat' dir='ltr'><strong>viam</strong></span> <span class='ocrx_word' id='word_1_149' title='bbox 1813 2503 2161 2593; x_wconf 72' lang='lat' dir='ltr'><strong>querelae</strong></span> <span class='ocrx_word' id='word_1_150' title='bbox 2207 2503 2298 2573; x_wconf 88' lang='lat' dir='ltr'><strong>ob</strong></span> <span class='ocrx_word' id='word_1_151' title='bbox 2338 2510 2741 2574; x_wconf 38' lang='lat' dir='ltr'><strong>serimus-enim</strong></span> 
     </span>
     <span class='ocr_line' id='line_1_20' title="bbox 285 2606 2737 2692; baseline 0.002 -17"><span class='ocrx_word' id='word_1_152' title='bbox 285 2606 742 2677; x_wconf 77' lang='lat' dir='ltr'><strong>iniustitiam.</strong></span> <span class='ocrx_word' id='word_1_153' title='bbox 795 2612 1159 2692; x_wconf 86' lang='lat' dir='ltr'><strong>Quamvis</strong></span> <span class='ocrx_word' id='word_1_154' title='bbox 1208 2617 1461 2682; x_wconf 89' lang='lat' dir='ltr'><strong>autem</strong></span> <span class='ocrx_word' id='word_1_155' title='bbox 1510 2612 1868 2683; x_wconf 83' lang='lat' dir='ltr'><strong>sententia</strong></span> <span class='ocrx_word' id='word_1_156' title='bbox 1942 2612 2088 2682; x_wconf 85' lang='lat' dir='ltr'><strong>lata</strong></span> <span class='ocrx_word' id='word_1_157' title='bbox 2146 2613 2239 2682; x_wconf 88' lang='lat' dir='ltr'><strong>de</strong></span> <span class='ocrx_word' id='word_1_158' title='bbox 2294 2618 2737 2682; x_wconf 58' lang='lat' dir='ltr'><strong>‘mati-numni</strong></span> 
     </span>
     <span class='ocr_line' id='line_1_21' title="bbox 286 2715 2741 2807; baseline 0.002 -26"><span class='ocrx_word' id='word_1_159' title='bbox 286 2715 538 2784; x_wconf 90' lang='lat' dir='ltr'><strong>valore</strong></span> <span class='ocrx_word' id='word_1_160' title='bbox 585 2735 974 2805; x_wconf 86' lang='lat' dir='ltr'><strong>nunquam</strong></span> <span class='ocrx_word' id='word_1_161' title='bbox 1034 2724 1362 2788; x_wconf 88' lang='lat' dir='ltr'><strong>transeat</strong></span> <span class='ocrx_word' id='word_1_162' title='bbox 1411 2719 1481 2786; x_wconf 92' lang='lat' dir='ltr'><strong>in</strong></span> <span class='ocrx_word' id='word_1_163' title='bbox 1534 2739 1691 2788; x_wconf 90' lang='lat' dir='ltr'><strong>rem</strong></span> <span class='ocrx_word' id='word_1_164' title='bbox 1763 2719 2204 2807; x_wconf 88' lang='lat' dir='ltr'><strong>iudicatam,</strong></span> <span class='ocrx_word' id='word_1_165' title='bbox 2254 2740 2390 2807; x_wconf 86' lang='lat' dir='ltr'><strong>pro</strong></span> <span class='ocrx_word' id='word_1_166' title='bbox 2441 2726 2597 2786; x_wconf 52' lang='lat' dir='ltr'><strong>rius</strong></span> <span class='ocrx_word' id='word_1_167' title='bbox 2653 2734 2741 2786; x_wconf 69' lang='lat' dir='ltr'><strong>ua-</strong></span> 
     </span>
     <span class='ocr_line' id='line_1_22' title="bbox 286 2823 2737 2914; baseline 0.002 -26"><span class='ocrx_word' id='word_1_168' title='bbox 286 2840 457 2890; x_wconf 89' lang='lat' dir='ltr'><strong>men</strong></span> <span class='ocrx_word' id='word_1_169' title='bbox 506 2823 771 2893; x_wconf 89' lang='lat' dir='ltr'><strong>iustitia</strong></span> <span class='ocrx_word' id='word_1_170' title='bbox 822 2830 893 2893; x_wconf 92' lang='lat' dir='ltr'><strong>et</strong></span> <span class='ocrx_word' id='word_1_171' title='bbox 941 2844 1349 2911; x_wconf 89' lang='lat' dir='ltr'><strong>processus</strong></span> <span class='ocrx_word' id='word_1_172' title='bbox 1399 2826 1845 2914; x_wconf 77' lang='lat' dir='ltr'><strong>legitimitate</strong></span> <span class='ocrx_word' id='word_1_173' title='bbox 1878 2829 2401 2914; x_wconf 77' lang='lat' dir='ltr'><strong>praesumitur,</strong></span> <span class='ocrx_word' id='word_1_174' title='bbox 2437 2830 2737 2914; x_wconf 55' lang='lat' dir='ltr'><strong>fluminis·</strong></span> 
     </span>
     <span class='ocr_line' id='line_1_23' title="bbox 283 2928 2739 3020; baseline 0.001 -25"><span class='ocrx_word' id='word_1_175' title='bbox 283 2928 378 2996; x_wconf 88' lang='lat' dir='ltr'><strong>ab</strong></span> <span class='ocrx_word' id='word_1_176' title='bbox 425 2948 513 2998; x_wconf 92' lang='lat' dir='ltr'><strong>ea</strong></span> <span class='ocrx_word' id='word_1_177' title='bbox 563 2929 1020 3016; x_wconf 88' lang='lat' dir='ltr'><strong>appellatum</strong></span> <span class='ocrx_word' id='word_1_178' title='bbox 1068 2951 1218 3001; x_wconf 90' lang='lat' dir='ltr'><strong>non</strong></span> <span class='ocrx_word' id='word_1_179' title='bbox 1276 2938 1409 3003; x_wconf 86' lang='lat' dir='ltr'><strong>est.</strong></span> <span class='ocrx_word' id='word_1_180' title='bbox 1460 2933 1955 3002; x_wconf 84' lang='lat' dir='ltr'><strong>Nihilominus</strong></span> <span class='ocrx_word' id='word_1_181' title='bbox 2002 2938 2244 3020; x_wconf 90' lang='lat' dir='ltr'><strong>potest</strong></span> <span class='ocrx_word' id='word_1_182' title='bbox 2289 2953 2589 3018; x_wconf 57' lang='lat' dir='ltr'><strong>senipiqsr</strong></span> <span class='ocrx_word' id='word_1_183' title='bbox 2653 2938 2739 2998; x_wconf 62' lang='lat' dir='ltr'><strong>ri·-</strong></span> 
     </span>
     <span class='ocr_line' id='line_1_24' title="bbox 283 3035 2737 3128; baseline 0.002 -27"><span class='ocrx_word' id='word_1_184' title='bbox 283 3040 445 3103; x_wconf 88' lang='lat' dir='ltr'><strong>ctus</strong></span> <span class='ocrx_word' id='word_1_185' title='bbox 493 3055 627 3123; x_wconf 92' lang='lat' dir='ltr'><strong>per</strong></span> <span class='ocrx_word' id='word_1_186' title='bbox 676 3037 874 3106; x_wconf 90' lang='lat' dir='ltr'><strong>viam</strong></span> <span class='ocrx_word' id='word_1_187' title='bbox 922 3035 1278 3126; x_wconf 74' lang='lat' dir='ltr'><strong>simplicis</strong></span> <span class='ocrx_word' id='word_1_188' title='bbox 1325 3038 1675 3128; x_wconf 69' lang='lat' dir='ltr'><strong>querelae</strong></span> <span class='ocrx_word' id='word_1_189' title='bbox 1722 3041 1818 3109; x_wconf 94' lang='lat' dir='ltr'><strong>de</strong></span> <span class='ocrx_word' id='word_1_190' title='bbox 1852 3040 2042 3110; x_wconf 76' lang='lat' dir='ltr'><strong>latae</strong></span> <span class='ocrx_word' id='word_1_191' title='bbox 2076 3040 2409 3109; x_wconf 85' lang='lat' dir='ltr'><strong>iniustitia</strong></span> <span class='ocrx_word' id='word_1_192' title='bbox 2457 3054 2737 3106; x_wconf 44' lang='lat' dir='ltr'><strong>spuis-u-</strong></span> 
     </span>
     <span class='ocr_line' id='line_1_25' title="bbox 283 3142 2737 3235; baseline 0.001 -27"><span class='ocrx_word' id='word_1_193' title='bbox 283 3142 421 3212; x_wconf 86' lang='lat' dir='ltr'><strong>tiae</strong></span> <span class='ocrx_word' id='word_1_194' title='bbox 468 3144 673 3214; x_wconf 89' lang='lat' dir='ltr'><strong>adire</strong></span> <span class='ocrx_word' id='word_1_195' title='bbox 719 3145 1060 3232; x_wconf 90' lang='lat' dir='ltr'><strong>iudicem,</strong></span> <span class='ocrx_word' id='word_1_196' title='bbox 1095 3147 1223 3234; x_wconf 86' lang='lat' dir='ltr'><strong>qui</strong></span> <span class='ocrx_word' id='word_1_197' title='bbox 1258 3147 1502 3216; x_wconf 89' lang='lat' dir='ltr'><strong>hocin</strong></span> <span class='ocrx_word' id='word_1_198' title='bbox 1536 3167 1720 3216; x_wconf 89' lang='lat' dir='ltr'><strong>casu</strong></span> <span class='ocrx_word' id='word_1_199' title='bbox 1770 3166 1922 3216; x_wconf 91' lang='lat' dir='ltr'><strong>non</strong></span> <span class='ocrx_word' id='word_1_200' title='bbox 1972 3153 2084 3217; x_wconf 91' lang='lat' dir='ltr'><strong>est</strong></span> <span class='ocrx_word' id='word_1_201' title='bbox 2129 3149 2737 3235; x_wconf 60' lang='lat' dir='ltr'><strong>Metropuluniuffi</strong></span> 
     </span>
     <span class='ocr_line' id='line_1_26' title="bbox 285 3253 2729 3343; baseline 0.001 -23"><span class='ocrx_word' id='word_1_202' title='bbox 285 3257 626 3339; x_wconf 84' lang='lat' dir='ltr'><strong>respectu</strong></span> <span class='ocrx_word' id='word_1_203' title='bbox 692 3271 1010 3323; x_wconf 89' lang='lat' dir='ltr'><strong>suorum</strong></span> <span class='ocrx_word' id='word_1_204' title='bbox 1090 3253 1809 3343; x_wconf 80' lang='lat' dir='ltr'><strong>Suffraganeorum,</strong></span> <span class='ocrx_word' id='word_1_205' title='bbox 1862 3259 2109 3341; x_wconf 84' lang='lat' dir='ltr'><strong>utpote</strong></span> <span class='ocrx_word' id='word_1_206' title='bbox 2156 3257 2281 3342; x_wconf 80' lang='lat' dir='ltr'><strong>qui</strong></span> <span class='ocrx_word' id='word_1_207' title='bbox 2329 3262 2441 3325; x_wconf 86' lang='lat' dir='ltr'><strong>est</strong></span> <span class='ocrx_word' id='word_1_208' title='bbox 2515 3258 2729 3322; x_wconf 48' lang='lat' dir='ltr'><strong>italas:</strong></span> 
     </span>
     <span class='ocr_line' id='line_1_27' title="bbox 282 3357 2728 3451; baseline 0.002 -25"><span class='ocrx_word' id='word_1_209' title='bbox 282 3357 466 3427; x_wconf 80' lang='lat' dir='ltr'><strong>inter</strong></span> <span class='ocrx_word' id='word_1_210' title='bbox 524 3379 657 3429; x_wconf 90' lang='lat' dir='ltr'><strong>eos</strong></span> <span class='ocrx_word' id='word_1_211' title='bbox 715 3361 968 3430; x_wconf 91' lang='lat' dir='ltr'><strong>solum</strong></span> <span class='ocrx_word' id='word_1_212' title='bbox 1041 3363 1113 3429; x_wconf 91' lang='lat' dir='ltr'><strong>in</strong></span> <span class='ocrx_word' id='word_1_213' title='bbox 1186 3380 1416 3431; x_wconf 86' lang='lat' dir='ltr'><strong>causa</strong></span> <span class='ocrx_word' id='word_1_214' title='bbox 1484 3360 2059 3451; x_wconf 79' lang='lat' dir='ltr'><strong>appellationis,</strong></span> <span class='ocrx_word' id='word_1_215' title='bbox 2113 3367 2184 3431; x_wconf 89' lang='lat' dir='ltr'><strong>et</strong></span> <span class='ocrx_word' id='word_1_216' title='bbox 2229 3382 2379 3431; x_wconf 91' lang='lat' dir='ltr'><strong>non</strong></span> <span class='ocrx_word' id='word_1_217' title='bbox 2433 3366 2493 3430; x_wconf 77' lang='lat' dir='ltr'><strong>iu</strong></span> <span class='ocrx_word' id='word_1_218' title='bbox 2553 3386 2728 3430; x_wconf 43' lang='lat' dir='ltr'><strong>meu.</strong></span> 
     </span>
     <span class='ocr_line' id='line_1_28' title="bbox 284 3465 2725 3559; baseline 0.002 -25"><span class='ocrx_word' id='word_1_219' title='bbox 284 3465 630 3553; x_wconf 73' lang='lat' dir='ltr'><strong>querelae</strong></span> <span class='ocrx_word' id='word_1_220' title='bbox 642 3488 676 3553; x_wconf 90' lang='lat'><strong>,·</strong></span> <span class='ocrx_word' id='word_1_221' title='bbox 721 3469 857 3538; x_wconf 91' lang='lat' dir='ltr'><strong>sed</strong></span> <span class='ocrx_word' id='word_1_222' title='bbox 907 3475 1021 3538; x_wconf 89' lang='lat' dir='ltr'><strong>est</strong></span> <span class='ocrx_word' id='word_1_223' title='bbox 1068 3469 1231 3557; x_wconf 91' lang='lat' dir='ltr'><strong>ipse</strong></span> <span class='ocrx_word' id='word_1_224' title='bbox 1264 3469 1494 3539; x_wconf 87' lang='lat' dir='ltr'><strong>iudex</strong></span> <span class='ocrx_word' id='word_1_225' title='bbox 1527 3468 1660 3557; x_wconf 80' lang='lat' dir='ltr'><strong>qui</strong></span> <span class='ocrx_word' id='word_1_226' title='bbox 1699 3467 2036 3559; x_wconf 70' lang='lat' dir='ltr'><strong>primam</strong></span> <span class='ocrx_word' id='word_1_227' title='bbox 2067 3468 2501 3538; x_wconf 67' lang='lat' dir='ltr'><strong>sententiam</strong></span> <span class='ocrx_word' id='word_1_228' title='bbox 2541 3470 2725 3542; x_wconf 52' lang='lat' dir='ltr'><strong>ssxfs&#39;r„</strong></span> 
     </span>
     <span class='ocr_line' id='line_1_29' title="bbox 282 3575 2729 3666; baseline 0 -24"><span class='ocrx_word' id='word_1_229' title='bbox 282 3575 394 3643; x_wconf 84' lang='lat' dir='ltr'><strong>vel</strong></span> <span class='ocrx_word' id='word_1_230' title='bbox 446 3576 645 3663; x_wconf 89' lang='lat' dir='ltr'><strong>Papa</strong></span> <span class='ocrx_word' id='word_1_231' title='bbox 694 3577 951 3646; x_wconf 87' lang='lat' dir='ltr'><strong>eiusve</strong></span> <span class='ocrx_word' id='word_1_232' title='bbox 1015 3579 1342 3666; x_wconf 79' lang='lat' dir='ltr'><strong>Legatus</strong></span> <span class='ocrx_word' id='word_1_233' title='bbox 1376 3577 1422 3645; x_wconf 85' lang='lat'><strong>².</strong></span> <span class='ocrx_word' id='word_1_234' title='bbox 1469 3616 1514 3625; x_wconf 91' lang='lat'><em>-</em></span> <span class='ocrx_word' id='word_1_235' title='bbox 1560 3580 1648 3646; x_wconf 93' lang='lat' dir='ltr'><strong>Et</strong></span> <span class='ocrx_word' id='word_1_236' title='bbox 1695 3578 1837 3648; x_wconf 90' lang='lat' dir='ltr'><strong>hac</strong></span> <span class='ocrx_word' id='word_1_237' title='bbox 1885 3577 2007 3663; x_wconf 60' lang='lat' dir='ltr'><strong>via,</strong></span> <span class='ocrx_word' id='word_1_238' title='bbox 2050 3578 2401 3665; x_wconf 87' lang='lat' dir='ltr'><strong>querelae</strong></span> <span class='ocrx_word' id='word_1_239' title='bbox 2449 3590 2729 3646; x_wconf 48' lang='lat' dir='ltr'><strong>aenian-</strong></span> 
     </span>
     <span class='ocr_line' id='line_1_30' title="bbox 281 3676 2729 3773; baseline -0 -22"><span class='ocrx_word' id='word_1_240' title='bbox 281 3681 452 3752; x_wconf 88' lang='lat' dir='ltr'><strong>tiam</strong></span> <span class='ocrx_word' id='word_1_241' title='bbox 480 3684 936 3773; x_wconf 85' lang='lat' dir='ltr'><strong>impugnans</strong></span> <span class='ocrx_word' id='word_1_242' title='bbox 969 3685 1473 3756; x_wconf 88' lang='lat' dir='ltr'><strong>admittendus</strong></span> <span class='ocrx_word' id='word_1_243' title='bbox 1505 3693 1579 3755; x_wconf 90' lang='lat' dir='ltr'><strong>et</strong></span> <span class='ocrx_word' id='word_1_244' title='bbox 1609 3676 2031 3755; x_wconf 90' lang='lat' dir='ltr'><strong>audiendus</strong></span> <span class='ocrx_word' id='word_1_245' title='bbox 2056 3692 2186 3769; x_wconf 89' lang='lat' dir='ltr'><strong>est,</strong></span> <span class='ocrx_word' id='word_1_246' title='bbox 2223 3685 2445 3753; x_wconf 78' lang='lat' dir='ltr'><strong>modu</strong></span> <span class='ocrx_word' id='word_1_247' title='bbox 2485 3694 2729 3750; x_wconf 59' lang='lat' dir='ltr'><strong>imiimi</strong></span> 
     </span>
     <span class='ocr_line' id='line_1_31' title="bbox 284 3791 2733 3879; baseline 0 -22"><span class='ocrx_word' id='word_1_248' title='bbox 284 3791 605 3879; x_wconf 85' lang='lat' dir='ltr'><strong>aliquam</strong></span> <span class='ocrx_word' id='word_1_249' title='bbox 653 3791 1130 3862; x_wconf 90' lang='lat' dir='ltr'><strong>verisimilem</strong></span> <span class='ocrx_word' id='word_1_250' title='bbox 1166 3793 1560 3863; x_wconf 84' lang='lat' dir='ltr'><strong>iniustitiae</strong></span> <span class='ocrx_word' id='word_1_251' title='bbox 1616 3811 1928 3863; x_wconf 89' lang='lat' dir='ltr'><strong>causam</strong></span> <span class='ocrx_word' id='word_1_252' title='bbox 1981 3793 2260 3879; x_wconf 80' lang='lat' dir='ltr'><strong>alleget,</strong></span> <span class='ocrx_word' id='word_1_253' title='bbox 2310 3797 2383 3861; x_wconf 86' lang='lat' dir='ltr'><strong>et</strong></span> <span class='ocrx_word' id='word_1_254' title='bbox 2429 3794 2733 3878; x_wconf 47' lang='lat' dir='ltr'><strong>insulis-r</strong></span> 
     </span>
     <span class='ocr_line' id='line_1_32' title="bbox 282 3896 2733 3989; baseline 0.001 -25"><span class='ocrx_word' id='word_1_255' title='bbox 282 3896 541 3968; x_wconf 87' lang='lat' dir='ltr'><strong>offerat</strong></span> <span class='ocrx_word' id='word_1_256' title='bbox 564 3898 779 3968; x_wconf 89' lang='lat' dir='ltr'><strong>iudici</strong></span> <span class='ocrx_word' id='word_1_257' title='bbox 807 3917 1093 3968; x_wconf 89' lang='lat' dir='ltr'><strong>novum</strong></span> <span class='ocrx_word' id='word_1_258' title='bbox 1132 3899 1480 3986; x_wconf 86' lang='lat' dir='ltr'><strong>libellum,</strong></span> <span class='ocrx_word' id='word_1_259' title='bbox 1525 3919 1677 3989; x_wconf 86' lang='lat' dir='ltr'><strong>quo</strong></span> <span class='ocrx_word' id='word_1_260' title='bbox 1712 3906 1929 3987; x_wconf 89' lang='lat' dir='ltr'><strong>petat,</strong></span> <span class='ocrx_word' id='word_1_261' title='bbox 1973 3907 2053 3970; x_wconf 91' lang='lat' dir='ltr'><strong>ut</strong></span> <span class='ocrx_word' id='word_1_262' title='bbox 2095 3919 2326 3971; x_wconf 89' lang='lat' dir='ltr'><strong>causa</strong></span> <span class='ocrx_word' id='word_1_263' title='bbox 2367 3901 2509 3968; x_wconf 69' lang='lat' dir='ltr'><strong>iana</strong></span> <span class='ocrx_word' id='word_1_264' title='bbox 2565 3903 2733 3966; x_wconf 59' lang='lat' dir='ltr'><strong>aluli-</strong></span> 
     </span>
     <span class='ocr_line' id='line_1_33' title="bbox 283 4004 2729 4079; baseline -0.001 -6"><span class='ocrx_word' id='word_1_265' title='bbox 283 4004 422 4074; x_wconf 83' lang='lat' dir='ltr'><strong>nita</strong></span> <span class='ocrx_word' id='word_1_266' title='bbox 471 4006 737 4074; x_wconf 88' lang='lat' dir='ltr'><strong>iterum</strong></span> <span class='ocrx_word' id='word_1_267' title='bbox 787 4007 883 4075; x_wconf 88' lang='lat' dir='ltr'><strong>ad</strong></span> <span class='ocrx_word' id='word_1_268' title='bbox 934 4005 1291 4075; x_wconf 90' lang='lat' dir='ltr'><strong>iudicium</strong></span> <span class='ocrx_word' id='word_1_269' title='bbox 1340 4007 1758 4079; x_wconf 87' lang='lat' dir='ltr'><strong>deducatur</strong></span> <span class='ocrx_word' id='word_1_270' title='bbox 1818 4013 1891 4077; x_wconf 93' lang='lat' dir='ltr'><strong>et</strong></span> <span class='ocrx_word' id='word_1_271' title='bbox 1933 4009 2291 4077; x_wconf 89' lang='lat' dir='ltr'><strong>sententia</strong></span> <span class='ocrx_word' id='word_1_272' title='bbox 2342 4018 2729 4074; x_wconf 55' lang='lat' dir='ltr'><strong>retum-uir-</strong></span> 
     </span>
     <span class='ocr_line' id='line_1_34' title="bbox 281 4110 2721 4201; baseline 0 -23"><span class='ocrx_word' id='word_1_273' title='bbox 281 4110 374 4179; x_wconf 88' lang='lat' dir='ltr'><strong>ob</strong></span> <span class='ocrx_word' id='word_1_274' title='bbox 433 4110 807 4182; x_wconf 88' lang='lat' dir='ltr'><strong>detectum</strong></span> <span class='ocrx_word' id='word_1_275' title='bbox 868 4130 1230 4183; x_wconf 90' lang='lat' dir='ltr'><strong>errorem.</strong></span> <span class='ocrx_word' id='word_1_276' title='bbox 1290 4113 1527 4184; x_wconf 87' lang='lat' dir='ltr'><strong>Iudex</strong></span> <span class='ocrx_word' id='word_1_277' title='bbox 1599 4121 1872 4201; x_wconf 87' lang='lat' dir='ltr'><strong>autem,</strong></span> <span class='ocrx_word' id='word_1_278' title='bbox 1938 4121 2337 4200; x_wconf 87' lang='lat' dir='ltr'><strong>antequam</strong></span> <span class='ocrx_word' id='word_1_279' title='bbox 2396 4114 2721 4182; x_wconf 59' lang='lat' dir='ltr'><strong>adruinus,</strong></span> 
     </span>
     <span class='ocr_line' id='line_1_35' title="bbox 282 4219 2729 4307; baseline -0 -20"><span class='ocrx_word' id='word_1_280' title='bbox 282 4219 659 4305; x_wconf 89' lang='lat' dir='ltr'><strong>querelam</strong></span> <span class='ocrx_word' id='word_1_281' title='bbox 706 4219 802 4290; x_wconf 88' lang='lat' dir='ltr'><strong>ad</strong></span> <span class='ocrx_word' id='word_1_282' title='bbox 853 4221 1429 4291; x_wconf 89' lang='lat' dir='ltr'><strong>rescindendam</strong></span> <span class='ocrx_word' id='word_1_283' title='bbox 1484 4222 1946 4307; x_wconf 88' lang='lat' dir='ltr'><strong>sententiam,</strong></span> <span class='ocrx_word' id='word_1_284' title='bbox 1995 4220 2296 4307; x_wconf 91' lang='lat' dir='ltr'><strong>praevia</strong></span> <span class='ocrx_word' id='word_1_285' title='bbox 2348 4219 2561 4288; x_wconf 60' lang='lat' dir='ltr'><strong>delii-t</strong></span> <span class='ocrx_word' id='word_1_286' title='bbox 2613 4241 2729 4286; x_wconf 60' lang='grc' dir='ltr'><strong>ι-κ-</strong></span> 
     </span>
    </p>
   </div>
   <div class='ocr_carea' id='block_1_7' title="bbox 285 4447 2729 4723">
    <p class='ocr_par' dir='ltr' id='par_1_8' title="bbox 285 4447 2729 4723">
     <span class='ocr_line' id='line_1_36' title="bbox 414 4447 1403 4526; baseline -0.002 -18"><span class='ocrx_word' id='word_1_287' title='bbox 414 4449 435 4485; x_wconf 87' lang='lat'>¹</span> <span class='ocrx_word' id='word_1_288' title='bbox 479 4449 748 4526; x_wconf 79' lang='lat' dir='ltr'><strong>Pirhing</strong></span> <span class='ocrx_word' id='word_1_289' title='bbox 793 4450 837 4508; x_wconf 90' lang='lat' dir='ltr'><strong>l.</strong></span> <span class='ocrx_word' id='word_1_290' title='bbox 881 4467 935 4506; x_wconf 81' lang='lat' dir='ltr'><strong>e.</strong></span> <span class='ocrx_word' id='word_1_291' title='bbox 987 4467 1106 4506; x_wconf 79' lang='grc' dir='ltr'><strong>πη.</strong></span> <span class='ocrx_word' id='word_1_292' title='bbox 1135 4447 1403 4506; x_wconf 78' lang='grc'><strong><em>’52-53.</em></strong></span> 
     </span>
     <span class='ocr_line' id='line_1_37' title="bbox 408 4545 2729 4625; baseline -0.002 -19"><span class='ocrx_word' id='word_1_293' title='bbox 408 4545 434 4584; x_wconf 77' lang='lat'>²</span> <span class='ocrx_word' id='word_1_294' title='bbox 474 4547 621 4624; x_wconf 78' lang='lat' dir='ltr'><strong>Gap.</strong></span> <span class='ocrx_word' id='word_1_295' title='bbox 676 4565 828 4606; x_wconf 84' lang='lat' dir='ltr'><strong>cum</strong></span> <span class='ocrx_word' id='word_1_296' title='bbox 899 4548 959 4615; x_wconf 92' lang='lat'><strong>1,</strong></span> <span class='ocrx_word' id='word_1_297' title='bbox 1014 4548 1094 4606; x_wconf 83' lang='lat' dir='ltr'><strong>de</strong></span> <span class='ocrx_word' id='word_1_298' title='bbox 1136 4549 1353 4624; x_wconf 78' lang='lat' dir='ltr'><strong>officio</strong></span> <span class='ocrx_word' id='word_1_299' title='bbox 1400 4548 1620 4624; x_wconf 69' lang='lat' dir='ltr'><strong>leqati,</strong></span> <span class='ocrx_word' id='word_1_300' title='bbox 1662 4566 1798 4625; x_wconf 86' lang='lat' dir='ltr'><strong>cap.</strong></span> <span class='ocrx_word' id='word_1_301' title='bbox 1835 4547 2195 4624; x_wconf 79' lang='lat' dir='ltr'><strong>pastoralis</strong></span> <span class='ocrx_word' id='word_1_302' title='bbox 2246 4547 2352 4606; x_wconf 89' lang='lat'><strong>11.</strong></span> <span class='ocrx_word' id='word_1_303' title='bbox 2401 4554 2477 4602; x_wconf 49' lang='lat' dir='ltr'><strong>:rw-</strong></span> <span class='ocrx_word' id='word_1_304' title='bbox 2521 4554 2729 4618; x_wconf 59' lang='lat' dir='ltr'><strong>‘ffl&#39;·=·&#39;·&#39;····r³</strong></span> 
     </span>
     <span class='ocr_line' id='line_1_38' title="bbox 285 4645 1794 4723; baseline 0.003 -23"><span class='ocrx_word' id='word_1_305' title='bbox 285 4645 515 4704; x_wconf 79' lang='lat' dir='ltr'><strong>iudicis</strong></span> <span class='ocrx_word' id='word_1_306' title='bbox 556 4646 915 4706; x_wconf 77' lang='lat' dir='ltr'><strong>ordinarii.</strong></span> <span class='ocrx_word' id='word_1_307' title='bbox 948 4677 1023 4691; x_wconf 86' lang='lat'>—</span> <span class='ocrx_word' id='word_1_308' title='bbox 1054 4645 1324 4723; x_wconf 83' lang='lat' dir='ltr'><strong>Pirhing</strong></span> <span class='ocrx_word' id='word_1_309' title='bbox 1370 4647 1409 4704; x_wconf 88' lang='lat' dir='ltr'><strong>l.</strong></span> <span class='ocrx_word' id='word_1_310' title='bbox 1459 4664 1511 4704; x_wconf 84' lang='lat' dir='ltr'><strong>c.</strong></span> <span class='ocrx_word' id='word_1_311' title='bbox 1564 4665 1631 4704; x_wconf 76' lang='lat' dir='ltr'><strong>n.</strong></span> <span class='ocrx_word' id='word_1_312' title='bbox 1681 4646 1794 4706; x_wconf 91' lang='lat'><strong>51.</strong></span> 
     </span>
    </p>
   </div>
  </div>
 </body>
</html>
