<?xml version="1.0" encoding="UTF-8"?>
<!DOCTYPE html PUBLIC "-//W3C//DTD XHTML 1.0 Transitional//EN"
    "http://www.w3.org/TR/xhtml1/DTD/xhtml1-transitional.dtd">
<html xmlns="http://www.w3.org/1999/xhtml" xml:lang="en" lang="en">
 <head>
  <title>
</title>
<meta http-equiv="Content-Type" content="text/html;charset=utf-8" />
  <meta name='ocr-system' content='tesseract 3.04.00' />
  <meta name='ocr-capabilities' content='ocr_page ocr_carea ocr_par ocr_line ocrx_word'/>
</head>
<body>
  <div class='ocr_page' id='page_1' title='image "./decausismatrimo00mansgoog_0232.png"; bbox 0 0 3509 5317; ppageno 0'>
   <div class='ocr_carea' id='block_1_1' title="bbox 3125 2 3463 396">
    <p class='ocr_par' dir='ltr' id='par_1_1' title="bbox 3125 2 3463 396">
     <span class='ocr_line' id='line_1_1' title="bbox 3125 2 3463 396; baseline 0 4921"><span class='ocrx_word' id='word_1_1' title='bbox 3125 2 3463 396; x_wconf 95' lang='lat' dir='ltr'> </span> 
     </span>
    </p>
   </div>
   <div class='ocr_carea' id='block_1_2' title="bbox 1793 482 2149 544">
    <p class='ocr_par' dir='ltr' id='par_1_2' title="bbox 1793 482 2149 544">
     <span class='ocr_line' id='line_1_2' title="bbox 1793 482 2149 544; baseline 0.006 -15"><span class='ocrx_word' id='word_1_2' title='bbox 1793 482 2149 544; x_wconf 81' lang='lat'><strong>—220—</strong></span> 
     </span>
    </p>
   </div>
   <div class='ocr_carea' id='block_1_3' title="bbox 750 618 3216 2318">
    <p class='ocr_par' dir='ltr' id='par_1_3' title="bbox 750 618 3215 1677">
     <span class='ocr_line' id='line_1_3' title="bbox 750 618 3213 709; baseline 0.002 -23"><span class='ocrx_word' id='word_1_3' title='bbox 750 618 882 686; x_wconf 81' lang='lat' dir='ltr'>fuit</span> <span class='ocrx_word' id='word_1_4' title='bbox 918 618 958 686; x_wconf 73' lang='lat'>¹.</span> <span class='ocrx_word' id='word_1_5' title='bbox 1010 658 1050 666; x_wconf 98' lang='lat'><em>-</em></span> <span class='ocrx_word' id='word_1_6' title='bbox 1098 619 1474 706; x_wconf 74' lang='lat' dir='ltr'>Superiori</span> <span class='ocrx_word' id='word_1_7' title='bbox 1506 627 1755 689; x_wconf 90' lang='lat' dir='ltr'>autem</span> <span class='ocrx_word' id='word_1_8' title='bbox 1792 620 2030 708; x_wconf 88' lang='lat' dir='ltr'>iudici,</span> <span class='ocrx_word' id='word_1_9' title='bbox 2059 640 2119 690; x_wconf 91' lang='lat' dir='ltr'>e.</span> <span class='ocrx_word' id='word_1_10' title='bbox 2153 639 2261 709; x_wconf 84' lang='lat' dir='ltr'>gr.</span> <span class='ocrx_word' id='word_1_11' title='bbox 2297 620 2880 709; x_wconf 85' lang='lat' dir='ltr'>Metropolitano‚</span> <span class='ocrx_word' id='word_1_12' title='bbox 2916 618 3030 691; x_wconf 86' lang='lat' dir='ltr'>fas</span> <span class='ocrx_word' id='word_1_13' title='bbox 3079 622 3213 690; x_wconf 88' lang='lat' dir='ltr'>erit</span> 
     </span>
     <span class='ocr_line' id='line_1_4' title="bbox 754 727 3212 817; baseline 0.002 -23"><span class='ocrx_word' id='word_1_14' title='bbox 754 750 1034 798; x_wconf 68' lang='lat' dir='ltr'>nevum</span> <span class='ocrx_word' id='word_1_15' title='bbox 1070 750 1162 798; x_wconf 66' lang='lat' dir='ltr'>ex</span> <span class='ocrx_word' id='word_1_16' title='bbox 1202 730 1483 817; x_wconf 84' lang='lat' dir='ltr'>integro</span> <span class='ocrx_word' id='word_1_17' title='bbox 1516 747 1962 817; x_wconf 79' lang='lat' dir='ltr'>processum</span> <span class='ocrx_word' id='word_1_18' title='bbox 1997 729 2318 798; x_wconf 74' lang='lat' dir='ltr'>indicere</span> <span class='ocrx_word' id='word_1_19' title='bbox 2351 747 2439 798; x_wconf 93' lang='lat' dir='ltr'>ac</span> <span class='ocrx_word' id='word_1_20' title='bbox 2472 727 2855 816; x_wconf 82' lang='lat' dir='ltr'>perficere.</span> <span class='ocrx_word' id='word_1_21' title='bbox 2899 729 3212 798; x_wconf 89' lang='lat' dir='ltr'>Attentis</span> 
     </span>
     <span class='ocr_line' id='line_1_5' title="bbox 754 835 3215 923; baseline 0 -19"><span class='ocrx_word' id='word_1_22' title='bbox 754 842 998 904; x_wconf 77' lang='lat' dir='ltr'>temen</span> <span class='ocrx_word' id='word_1_23' title='bbox 1058 854 1553 922; x_wconf 70' lang='lat' dir='ltr'>perennarum</span> <span class='ocrx_word' id='word_1_24' title='bbox 1608 836 2097 923; x_wconf 87' lang='lat' dir='ltr'>locorumque</span> <span class='ocrx_word' id='word_1_25' title='bbox 2144 835 2735 922; x_wconf 75' lang='lat' dir='ltr'>circumstantiis,</span> <span class='ocrx_word' id='word_1_26' title='bbox 2793 837 3028 906; x_wconf 88' lang='lat' dir='ltr'>satius</span> <span class='ocrx_word' id='word_1_27' title='bbox 3080 837 3215 904; x_wconf 89' lang='lat' dir='ltr'>erit</span> 
     </span>
     <span class='ocr_line' id='line_1_6' title="bbox 754 942 3209 1031; baseline 0.001 -21"><span class='ocrx_word' id='word_1_28' title='bbox 754 942 886 1010; x_wconf 77' lang='lat' dir='ltr'>niel</span> <span class='ocrx_word' id='word_1_29' title='bbox 930 944 1114 1010; x_wconf 8' lang='lat' dir='ltr'>alinae</span> <span class='ocrx_word' id='word_1_30' title='bbox 1166 943 1486 1012; x_wconf 64' lang='lat' dir='ltr'>rationes</span> <span class='ocrx_word' id='word_1_31' title='bbox 1532 945 1740 1012; x_wconf 86' lang='lat' dir='ltr'>aliter</span> <span class='ocrx_word' id='word_1_32' title='bbox 1786 945 2172 1030; x_wconf 80' lang='lat' dir='ltr'>suadeant,</span> <span class='ocrx_word' id='word_1_33' title='bbox 2222 944 2280 1013; x_wconf 90' lang='lat' dir='ltr'>si</span> <span class='ocrx_word' id='word_1_34' title='bbox 2334 945 2478 1013; x_wconf 90' lang='lat' dir='ltr'>iam</span> <span class='ocrx_word' id='word_1_35' title='bbox 2530 942 2866 1014; x_wconf 86' lang='lat' dir='ltr'>confecto</span> <span class='ocrx_word' id='word_1_36' title='bbox 2913 944 3209 1031; x_wconf 84' lang='lat' dir='ltr'>sibique</span> 
     </span>
     <span class='ocr_line' id='line_1_7' title="bbox 754 1050 3210 1139; baseline 0 -21"><span class='ocrx_word' id='word_1_37' title='bbox 754 1050 994 1118; x_wconf 79' lang='lat' dir='ltr'>delete</span> <span class='ocrx_word' id='word_1_38' title='bbox 1050 1058 1288 1118; x_wconf 76' lang='lat' dir='ltr'>utetur</span> <span class='ocrx_word' id='word_1_39' title='bbox 1337 1070 1720 1137; x_wconf 86' lang='lat' dir='ltr'>processu,</span> <span class='ocrx_word' id='word_1_40' title='bbox 1771 1052 2060 1120; x_wconf 87' lang='lat' dir='ltr'>indictis</span> <span class='ocrx_word' id='word_1_41' title='bbox 2091 1057 2403 1138; x_wconf 88' lang='lat' dir='ltr'>tantum,</span> <span class='ocrx_word' id='word_1_42' title='bbox 2453 1072 2542 1122; x_wconf 90' lang='lat' dir='ltr'>ac</span> <span class='ocrx_word' id='word_1_43' title='bbox 2592 1052 2909 1139; x_wconf 77' lang='lat' dir='ltr'>peractis</span> <span class='ocrx_word' id='word_1_44' title='bbox 2957 1051 3210 1138; x_wconf 85' lang='lat' dir='ltr'>aliqui-</span> 
     </span>
     <span class='ocr_line' id='line_1_8' title="bbox 758 1154 3210 1249; baseline -0 -23"><span class='ocrx_word' id='word_1_45' title='bbox 758 1158 898 1226; x_wconf 75' lang='lat' dir='ltr'>lme</span> <span class='ocrx_word' id='word_1_46' title='bbox 950 1154 1631 1246; x_wconf 61' lang='lat' dir='ltr'>inireetigationibus</span> <span class='ocrx_word' id='word_1_47' title='bbox 1664 1165 1735 1228; x_wconf 94' lang='lat' dir='ltr'>et</span> <span class='ocrx_word' id='word_1_48' title='bbox 1765 1159 2483 1249; x_wconf 60' lang='lat' dir='ltr'>interrogationibus</span> <span class='ocrx_word' id='word_1_49' title='bbox 2519 1178 2712 1246; x_wconf 88' lang='lat' dir='ltr'>quas</span> <span class='ocrx_word' id='word_1_50' title='bbox 2754 1176 2892 1246; x_wconf 88' lang='lat' dir='ltr'>pro</span> <span class='ocrx_word' id='word_1_51' title='bbox 2944 1158 3210 1226; x_wconf 81' lang='lat' dir='ltr'>maiori</span> 
     </span>
     <span class='ocr_line' id='line_1_9' title="bbox 754 1266 3208 1356; baseline -0 -22"><span class='ocrx_word' id='word_1_52' title='bbox 754 1266 978 1334; x_wconf 80' lang='lat' dir='ltr'>enimi</span> <span class='ocrx_word' id='word_1_53' title='bbox 1014 1266 1126 1334; x_wconf 83' lang='lat' dir='ltr'>eui</span> <span class='ocrx_word' id='word_1_54' title='bbox 1166 1268 1555 1336; x_wconf 69' lang='lat' dir='ltr'>securitate</span> <span class='ocrx_word' id='word_1_55' title='bbox 1592 1269 2062 1356; x_wconf 83' lang='lat' dir='ltr'>peragendas</span> <span class='ocrx_word' id='word_1_56' title='bbox 2094 1286 2266 1337; x_wconf 90' lang='lat' dir='ltr'>esse</span> <span class='ocrx_word' id='word_1_57' title='bbox 2299 1269 2613 1337; x_wconf 85' lang='lat' dir='ltr'>duxerit.</span> <span class='ocrx_word' id='word_1_58' title='bbox 2647 1306 2694 1316; x_wconf 94' lang='lat'>-</span> <span class='ocrx_word' id='word_1_59' title='bbox 2736 1267 3208 1336; x_wconf 87' lang='lat' dir='ltr'>Iudicialibus</span> 
     </span>
     <span class='ocr_line' id='line_1_10' title="bbox 754 1373 3212 1464; baseline 0 -22"><span class='ocrx_word' id='word_1_60' title='bbox 754 1386 1006 1446; x_wconf 77' lang='lat' dir='ltr'>eutem</span> <span class='ocrx_word' id='word_1_61' title='bbox 1070 1374 1246 1442; x_wconf 79' lang='lat' dir='ltr'>eetie</span> <span class='ocrx_word' id='word_1_62' title='bbox 1308 1374 1400 1443; x_wconf 85' lang='lat' dir='ltr'>ad</span> <span class='ocrx_word' id='word_1_63' title='bbox 1462 1375 1848 1444; x_wconf 85' lang='lat' dir='ltr'>veritatem</span> <span class='ocrx_word' id='word_1_64' title='bbox 1910 1376 2323 1446; x_wconf 91' lang='lat' dir='ltr'>eruendam</span> <span class='ocrx_word' id='word_1_65' title='bbox 2388 1376 2773 1464; x_wconf 79' lang='lat' dir='ltr'>expensiS‚</span> <span class='ocrx_word' id='word_1_66' title='bbox 2823 1380 2896 1444; x_wconf 88' lang='lat' dir='ltr'>et</span> <span class='ocrx_word' id='word_1_67' title='bbox 2940 1373 3212 1444; x_wconf 89' lang='lat' dir='ltr'>auditis</span> 
     </span>
     <span class='ocr_line' id='line_1_11' title="bbox 758 1481 3211 1569; baseline 0.002 -23"><span class='ocrx_word' id='word_1_68' title='bbox 758 1482 982 1566; x_wconf 65' lang='lat' dir='ltr'>prius,</span> <span class='ocrx_word' id='word_1_69' title='bbox 1022 1482 1078 1550; x_wconf 81' lang='lat' dir='ltr'>ei</span> <span class='ocrx_word' id='word_1_70' title='bbox 1118 1482 1182 1550; x_wconf 79' lang='lat' dir='ltr'>id</span> <span class='ocrx_word' id='word_1_71' title='bbox 1222 1487 1729 1568; x_wconf 66' lang='lat' dir='ltr'>opportunum</span> <span class='ocrx_word' id='word_1_72' title='bbox 1764 1481 2214 1567; x_wconf 89' lang='lat' dir='ltr'>iudicaverit,</span> <span class='ocrx_word' id='word_1_73' title='bbox 2249 1484 2320 1550; x_wconf 92' lang='lat' dir='ltr'>in</span> <span class='ocrx_word' id='word_1_74' title='bbox 2355 1484 2517 1554; x_wconf 92' lang='lat' dir='ltr'>iure</span> <span class='ocrx_word' id='word_1_75' title='bbox 2570 1483 2680 1552; x_wconf 90' lang='lat' dir='ltr'>vel</span> <span class='ocrx_word' id='word_1_76' title='bbox 2730 1488 2888 1552; x_wconf 85' lang='lat' dir='ltr'>arte</span> <span class='ocrx_word' id='word_1_77' title='bbox 2936 1482 3211 1569; x_wconf 82' lang='lat' dir='ltr'>peritiS,</span> 
     </span>
     <span class='ocr_line' id='line_1_12' title="bbox 758 1588 1915 1677; baseline 0.002 -23"><span class='ocrx_word' id='word_1_78' title='bbox 758 1590 1198 1658; x_wconf 66' lang='lat' dir='ltr'>sententium</span> <span class='ocrx_word' id='word_1_79' title='bbox 1250 1596 1318 1657; x_wconf 90' lang='lat' dir='ltr'>et</span> <span class='ocrx_word' id='word_1_80' title='bbox 1362 1590 1521 1675; x_wconf 90' lang='lat' dir='ltr'>ipse</span> <span class='ocrx_word' id='word_1_81' title='bbox 1574 1588 1915 1677; x_wconf 86' lang='lat' dir='ltr'>proferet.</span> 
     </span>
    </p>

    <p class='ocr_par' dir='ltr' id='par_1_4' title="bbox 758 1695 3216 2318">
     <span class='ocr_line' id='line_1_13' title="bbox 894 1695 3206 1780; baseline 0 -18"><span class='ocrx_word' id='word_1_82' title='bbox 894 1698 994 1762; x_wconf 78' lang='lat'>13.</span> <span class='ocrx_word' id='word_1_83' title='bbox 1050 1701 1106 1762; x_wconf 71' lang='grc' dir='ltr'>Α</span> <span class='ocrx_word' id='word_1_84' title='bbox 1162 1697 1395 1780; x_wconf 79' lang='lat' dir='ltr'>prima</span> <span class='ocrx_word' id='word_1_85' title='bbox 1446 1698 1806 1766; x_wconf 86' lang='lat' dir='ltr'>sententia</span> <span class='ocrx_word' id='word_1_86' title='bbox 1858 1698 2000 1767; x_wconf 86' lang='lat' dir='ltr'>lata</span> <span class='ocrx_word' id='word_1_87' title='bbox 2067 1703 2319 1767; x_wconf 87' lang='lat' dir='ltr'>contra</span> <span class='ocrx_word' id='word_1_88' title='bbox 2373 1695 2823 1765; x_wconf 86' lang='lat' dir='ltr'>matrimonii</span> <span class='ocrx_word' id='word_1_89' title='bbox 2873 1696 3206 1765; x_wconf 89' lang='lat' dir='ltr'>valorem</span> 
     </span>
     <span class='ocr_line' id='line_1_14' title="bbox 758 1802 3208 1890; baseline -0 -20"><span class='ocrx_word' id='word_1_90' title='bbox 758 1802 1246 1886; x_wconf 69' lang='lat' dir='ltr'>appellatione</span> <span class='ocrx_word' id='word_1_91' title='bbox 1298 1802 1666 1889; x_wconf 79' lang='lat' dir='ltr'>pendente</span> <span class='ocrx_word' id='word_1_92' title='bbox 1733 1803 1848 1873; x_wconf 92' lang='lat' dir='ltr'>vel</span> <span class='ocrx_word' id='word_1_93' title='bbox 1895 1804 2114 1873; x_wconf 82' lang='lat' dir='ltr'>etiam</span> <span class='ocrx_word' id='word_1_94' title='bbox 2178 1822 2330 1871; x_wconf 92' lang='lat' dir='ltr'>non</span> <span class='ocrx_word' id='word_1_95' title='bbox 2382 1803 2843 1890; x_wconf 87' lang='lat' dir='ltr'>interposita,</span> <span class='ocrx_word' id='word_1_96' title='bbox 2903 1803 3208 1873; x_wconf 84' lang='lat' dir='ltr'>vetitum</span> 
     </span>
     <span class='ocr_line' id='line_1_15' title="bbox 758 1911 3214 2001; baseline -0 -23"><span class='ocrx_word' id='word_1_97' title='bbox 758 1914 870 1978; x_wconf 82' lang='lat' dir='ltr'>eet</span> <span class='ocrx_word' id='word_1_98' title='bbox 918 1913 1360 1994; x_wconf 65' lang='lat' dir='ltr'>eesiiiigilius</span> <span class='ocrx_word' id='word_1_99' title='bbox 1419 1911 1514 1980; x_wconf 91' lang='lat' dir='ltr'>ad</span> <span class='ocrx_word' id='word_1_100' title='bbox 1572 1911 1711 1981; x_wconf 89' lang='lat' dir='ltr'>alia</span> <span class='ocrx_word' id='word_1_101' title='bbox 1769 1916 1935 1982; x_wconf 84' lang='lat' dir='ltr'>vota</span> <span class='ocrx_word' id='word_1_102' title='bbox 2005 1912 2373 2001; x_wconf 65' lang='lat' dir='ltr'>transire,</span> <span class='ocrx_word' id='word_1_103' title='bbox 2411 1911 2635 2000; x_wconf 90' lang='lat' dir='ltr'>idque</span> <span class='ocrx_word' id='word_1_104' title='bbox 2680 1911 3054 1980; x_wconf 89' lang='lat' dir='ltr'>sancitum</span> <span class='ocrx_word' id='word_1_105' title='bbox 3107 1915 3214 1980; x_wconf 78' lang='lat' dir='ltr'>est</span> 
     </span>
     <span class='ocr_line' id='line_1_16' title="bbox 762 2018 3211 2106; baseline -0.001 -20"><span class='ocrx_word' id='word_1_106' title='bbox 762 2018 904 2086; x_wconf 73' lang='lat' dir='ltr'>euti</span> <span class='ocrx_word' id='word_1_107' title='bbox 954 2018 1214 2102; x_wconf 81' lang='lat' dir='ltr'>peenie</span> <span class='ocrx_word' id='word_1_108' title='bbox 1262 2018 1332 2085; x_wconf 91' lang='lat' dir='ltr'>in</span> <span class='ocrx_word' id='word_1_109' title='bbox 1383 2038 1517 2088; x_wconf 92' lang='lat' dir='ltr'>eos</span> <span class='ocrx_word' id='word_1_110' title='bbox 1567 2019 1853 2088; x_wconf 89' lang='lat' dir='ltr'>indictis</span> <span class='ocrx_word' id='word_1_111' title='bbox 1900 2020 2023 2106; x_wconf 91' lang='lat' dir='ltr'>qui</span> <span class='ocrx_word' id='word_1_112' title='bbox 2063 2019 2617 2090; x_wconf 86' lang='lat' dir='ltr'>matrimonium</span> <span class='ocrx_word' id='word_1_113' title='bbox 2671 2019 2928 2088; x_wconf 88' lang='lat' dir='ltr'>ineunt</span> <span class='ocrx_word' id='word_1_114' title='bbox 2961 2023 3211 2105; x_wconf 89' lang='lat' dir='ltr'>spreto</span> 
     </span>
     <span class='ocr_line' id='line_1_17' title="bbox 761 2110 3216 2214; baseline -0 -20"><span class='ocrx_word' id='word_1_115' title='bbox 761 2126 1130 2194; x_wconf 80' lang='lat' dir='ltr'>Eeeleeiee</span> <span class='ocrx_word' id='word_1_116' title='bbox 1182 2126 1579 2213; x_wconf 81' lang='lat' dir='ltr'>interdictO,</span> <span class='ocrx_word' id='word_1_117' title='bbox 1630 2134 1700 2196; x_wconf 87' lang='lat' dir='ltr'>et</span> <span class='ocrx_word' id='word_1_118' title='bbox 1746 2128 1892 2196; x_wconf 87' lang='lat' dir='ltr'>sub</span> <span class='ocrx_word' id='word_1_119' title='bbox 1942 2127 2027 2196; x_wconf 90' lang='lat' dir='ltr'>iis</span> <span class='ocrx_word' id='word_1_120' title='bbox 2062 2127 2518 2214; x_wconf 84' lang='lat' dir='ltr'>praesertim,</span> <span class='ocrx_word' id='word_1_121' title='bbox 2552 2128 2766 2214; x_wconf 74' lang='lat' dir='ltr'>quae</span> <span class='ocrx_word' id='word_1_122' title='bbox 2795 2110 3053 2195; x_wconf 82' lang='lat' dir='ltr'>contra</span> <span class='ocrx_word' id='word_1_123' title='bbox 3098 2144 3216 2213; x_wconf 91' lang='lat' dir='ltr'>po·</span> 
     </span>
     <span class='ocr_line' id='line_1_18' title="bbox 766 2232 3211 2318; baseline 0.001 -20"><span class='ocrx_word' id='word_1_124' title='bbox 766 2234 1106 2318; x_wconf 62' lang='lat' dir='ltr'>lygemee</span> <span class='ocrx_word' id='word_1_125' title='bbox 1146 2234 1332 2305; x_wconf 76' lang='lat' dir='ltr'>letae</span> <span class='ocrx_word' id='word_1_126' title='bbox 1364 2241 1541 2302; x_wconf 90' lang='lat' dir='ltr'>sunt</span> <span class='ocrx_word' id='word_1_127' title='bbox 1576 2232 1621 2302; x_wconf 77' lang='grc'><strong>“·’.</strong></span> <span class='ocrx_word' id='word_1_128' title='bbox 1655 2273 1700 2282; x_wconf 91' lang='grc'><strong>-</strong></span> <span class='ocrx_word' id='word_1_129' title='bbox 1749 2235 1926 2304; x_wconf 89' lang='lat' dir='ltr'>Item</span> <span class='ocrx_word' id='word_1_130' title='bbox 1979 2235 2040 2303; x_wconf 91' lang='lat' dir='ltr'>si</span> <span class='ocrx_word' id='word_1_131' title='bbox 2071 2255 2112 2304; x_wconf 94' lang='lat' dir='ltr'>a</span> <span class='ocrx_word' id='word_1_132' title='bbox 2148 2234 2477 2304; x_wconf 90' lang='lat' dir='ltr'>secunda</span> <span class='ocrx_word' id='word_1_133' title='bbox 2521 2234 2882 2304; x_wconf 78' lang='lat' dir='ltr'>sententia</span> <span class='ocrx_word' id='word_1_134' title='bbox 2929 2233 3211 2302; x_wconf 87' lang='lat' dir='ltr'>irritum</span> 
     </span>
    </p>
   </div>
   <div class='ocr_carea' id='block_1_4' title="bbox 762 2338 3240 2430">
    <p class='ocr_par' dir='ltr' id='par_1_5' title="bbox 762 2338 3240 2430">
     <span class='ocr_line' id='line_1_19' title="bbox 762 2338 3240 2430; baseline 0 -24"><span class='ocrx_word' id='word_1_135' title='bbox 762 2340 1190 2410; x_wconf 68' lang='lat' dir='ltr'>declarante</span> <span class='ocrx_word' id='word_1_136' title='bbox 1238 2342 1556 2430; x_wconf 84' lang='lat' dir='ltr'>coniugii</span> <span class='ocrx_word' id='word_1_137' title='bbox 1607 2339 1876 2411; x_wconf 87' lang='lat' dir='ltr'>foedus</span> <span class='ocrx_word' id='word_1_138' title='bbox 1924 2343 2040 2411; x_wconf 89' lang='lat' dir='ltr'>vel</span> <span class='ocrx_word' id='word_1_139' title='bbox 2090 2341 2320 2411; x_wconf 86' lang='lat' dir='ltr'>altera</span> <span class='ocrx_word' id='word_1_140' title='bbox 2369 2360 2551 2428; x_wconf 89' lang='lat' dir='ltr'>pars</span> <span class='ocrx_word' id='word_1_141' title='bbox 2602 2340 2715 2409; x_wconf 94' lang='lat' dir='ltr'>vel</span> <span class='ocrx_word' id='word_1_142' title='bbox 2768 2338 3240 2410; x_wconf 84' lang='lat' dir='ltr'>matrimonii·</span> 
     </span>
    </p>
   </div>
   <div class='ocr_carea' id='block_1_5' title="bbox 762 2444 3221 4041">
    <p class='ocr_par' dir='ltr' id='par_1_6' title="bbox 762 2444 3217 3268">
     <span class='ocr_line' id='line_1_20' title="bbox 762 2444 3210 2536; baseline 0 -22"><span class='ocrx_word' id='word_1_143' title='bbox 762 2466 858 2514; x_wconf 63' lang='lat' dir='ltr'>etz</span> <span class='ocrx_word' id='word_1_144' title='bbox 910 2446 1150 2514; x_wconf 75' lang='lat' dir='ltr'>effleie</span> <span class='ocrx_word' id='word_1_145' title='bbox 1190 2444 1533 2516; x_wconf 78' lang='lat' dir='ltr'>defensor</span> <span class='ocrx_word' id='word_1_146' title='bbox 1568 2467 1703 2536; x_wconf 92' lang='lat' dir='ltr'>pro</span> <span class='ocrx_word' id='word_1_147' title='bbox 1736 2469 1872 2519; x_wconf 88' lang='lat' dir='ltr'>sua</span> <span class='ocrx_word' id='word_1_148' title='bbox 1917 2449 2361 2520; x_wconf 90' lang='lat' dir='ltr'>conscientia</span> <span class='ocrx_word' id='word_1_149' title='bbox 2399 2447 2932 2535; x_wconf 88' lang='lat' dir='ltr'>appellandum</span> <span class='ocrx_word' id='word_1_150' title='bbox 2983 2446 3210 2515; x_wconf 83' lang='lat' dir='ltr'>duxe-</span> 
     </span>
     <span class='ocr_line' id='line_1_21' title="bbox 766 2557 3211 2645; baseline 0 -23"><span class='ocrx_word' id='word_1_151' title='bbox 766 2558 870 2638; x_wconf 70' lang='lat' dir='ltr'>rit,</span> <span class='ocrx_word' id='word_1_152' title='bbox 930 2578 962 2618; x_wconf 71' lang='lat' dir='ltr'>e</span> <span class='ocrx_word' id='word_1_153' title='bbox 1018 2558 1385 2642; x_wconf 69' lang='lat' dir='ltr'>velumus,</span> <span class='ocrx_word' id='word_1_154' title='bbox 1421 2558 1654 2645; x_wconf 90' lang='lat' dir='ltr'>inquit</span> <span class='ocrx_word' id='word_1_155' title='bbox 1686 2559 2132 2628; x_wconf 90' lang='lat' dir='ltr'>Benedictus</span> <span class='ocrx_word' id='word_1_156' title='bbox 2163 2558 2359 2643; x_wconf 91' lang='lat' dir='ltr'>XIV,</span> <span class='ocrx_word' id='word_1_157' title='bbox 2400 2563 2478 2627; x_wconf 87' lang='lat' dir='ltr'>ut</span> <span class='ocrx_word' id='word_1_158' title='bbox 2509 2557 2728 2627; x_wconf 82' lang='lat' dir='ltr'>firma</span> <span class='ocrx_word' id='word_1_159' title='bbox 2779 2564 3211 2626; x_wconf 89' lang='lat' dir='ltr'>remanente</span> 
     </span>
     <span class='ocr_line' id='line_1_22' title="bbox 770 2662 3209 2753; baseline 0 -23"><span class='ocrx_word' id='word_1_160' title='bbox 770 2685 802 2722; x_wconf 66' lang='grc' dir='ltr'>ι</span> <span class='ocrx_word' id='word_1_161' title='bbox 842 2666 1138 2750; x_wconf 60' lang='lat' dir='ltr'>serique</span> <span class='ocrx_word' id='word_1_162' title='bbox 1170 2663 1462 2753; x_wconf 70' lang='lat' dir='ltr'>eeniayi</span> <span class='ocrx_word' id='word_1_163' title='bbox 1489 2663 1985 2753; x_wconf 74' lang='lat' dir='ltr'>prohibitione</span> <span class='ocrx_word' id='word_1_164' title='bbox 2024 2665 2129 2734; x_wconf 77' lang='lat' dir='ltr'>ad</span> <span class='ocrx_word' id='word_1_165' title='bbox 2158 2664 2354 2735; x_wconf 80' lang='lat' dir='ltr'>alias</span> <span class='ocrx_word' id='word_1_166' title='bbox 2401 2662 2846 2735; x_wconf 76' lang='lat' dir='ltr'>transeundi</span> <span class='ocrx_word' id='word_1_167' title='bbox 2877 2662 3209 2753; x_wconf 71' lang='grc' dir='ltr'>ηιιρείαε,</span> 
     </span>
     <span class='ocr_line' id='line_1_23' title="bbox 770 2771 3212 2861; baseline 0 -23"><span class='ocrx_word' id='word_1_168' title='bbox 770 2794 802 2830; x_wconf 63' lang='grc' dir='ltr'>ε</span> <span class='ocrx_word' id='word_1_169' title='bbox 838 2790 1030 2858; x_wconf 72' lang='lat' dir='ltr'>ques</span> <span class='ocrx_word' id='word_1_170' title='bbox 1078 2774 1138 2838; x_wconf 80' lang='lat' dir='ltr'>ei</span> <span class='ocrx_word' id='word_1_171' title='bbox 1186 2773 1626 2842; x_wconf 59' lang='lat' dir='ltr'>*contrahere</span> <span class='ocrx_word' id='word_1_172' title='bbox 1672 2774 1839 2842; x_wconf 85' lang='lat' dir='ltr'>ausi</span> <span class='ocrx_word' id='word_1_173' title='bbox 1887 2772 2172 2858; x_wconf 86' lang='lat' dir='ltr'>fuerint,</span> <span class='ocrx_word' id='word_1_174' title='bbox 2222 2775 2503 2861; x_wconf 88' lang='lat' dir='ltr'>poenis,</span> <span class='ocrx_word' id='word_1_175' title='bbox 2552 2779 2634 2842; x_wconf 87' lang='lat' dir='ltr'>ut</span> <span class='ocrx_word' id='word_1_176' title='bbox 2680 2771 3116 2860; x_wconf 88' lang='lat' dir='ltr'>praefertur,</span> <span class='ocrx_word' id='word_1_177' title='bbox 3175 2792 3212 2840; x_wconf 91' lang='lat' dir='ltr'>a</span> 
     </span>
     <span class='ocr_line' id='line_1_24' title="bbox 770 2879 3214 2967; baseline 0.001 -23"><span class='ocrx_word' id='word_1_178' title='bbox 770 2902 802 2938; x_wconf 68' lang='lat' dir='ltr'>e</span> <span class='ocrx_word' id='word_1_179' title='bbox 842 2882 1054 2946; x_wconf 77' lang='lat' dir='ltr'>uehis</span> <span class='ocrx_word' id='word_1_180' title='bbox 1102 2880 1518 2948; x_wconf 60' lang='lat' dir='ltr'>ez&#39;mstitutis</span> <span class='ocrx_word' id='word_1_181' title='bbox 1550 2881 1869 2950; x_wconf 88' lang='lat' dir='ltr'>subesse</span> <span class='ocrx_word' id='word_1_182' title='bbox 1901 2882 2399 2967; x_wconf 81' lang='lat' dir='ltr'>decernimuS,</span> <span class='ocrx_word' id='word_1_183' title='bbox 2437 2899 2665 2950; x_wconf 90' lang='lat' dir='ltr'>causa</span> <span class='ocrx_word' id='word_1_184' title='bbox 2716 2880 2788 2948; x_wconf 91' lang='lat' dir='ltr'>in</span> <span class='ocrx_word' id='word_1_185' title='bbox 2842 2879 3070 2948; x_wconf 73' lang='lat' dir='ltr'>tertia</span> <span class='ocrx_word' id='word_1_186' title='bbox 3106 2879 3214 2948; x_wconf 86' lang='lat' dir='ltr'>vel</span> 
     </span>
     <span class='ocr_line' id='line_1_25' title="bbox 770 2986 3214 3076; baseline 0.004 -30"><span class='ocrx_word' id='word_1_187' title='bbox 770 3006 802 3046; x_wconf 64' lang='lat' dir='ltr'>e</span> <span class='ocrx_word' id='word_1_188' title='bbox 838 2994 1118 3070; x_wconf 57' lang='lat' dir='ltr'>quarte</span> <span class='ocrx_word' id='word_1_189' title='bbox 1154 2986 1512 3055; x_wconf 61' lang='lat' dir='ltr'>instantia</span> <span class='ocrx_word' id='word_1_190' title='bbox 1537 2994 2055 3076; x_wconf 86' lang='lat' dir='ltr'>cognoscatur,</span> <span class='ocrx_word' id='word_1_191' title='bbox 2083 2989 2397 3057; x_wconf 88' lang='lat' dir='ltr'>servatis</span> <span class='ocrx_word' id='word_1_192' title='bbox 2431 2988 2818 3076; x_wconf 83' lang='lat' dir='ltr'>diligenter</span> <span class='ocrx_word' id='word_1_193' title='bbox 2843 2987 3214 3071; x_wconf 60' lang='lat' dir='ltr'>omnibus</span> 
     </span>
     <span class='ocr_line' id='line_1_26' title="bbox 770 3094 3217 3182; baseline 0.004 -28"><span class='ocrx_word' id='word_1_194' title='bbox 770 3116 803 3154; x_wconf 67' lang='lat' dir='ltr'>e</span> <span class='ocrx_word' id='word_1_195' title='bbox 838 3114 1030 3178; x_wconf 68' lang='lat' dir='ltr'>qmssne</span> <span class='ocrx_word' id='word_1_196' title='bbox 1082 3114 1118 3162; x_wconf 82' lang='lat' dir='ltr'>e</span> <span class='ocrx_word' id='word_1_197' title='bbox 1174 3094 1387 3163; x_wconf 69' lang='lat' dir='ltr'>nobis</span> <span class='ocrx_word' id='word_1_198' title='bbox 1434 3096 1505 3163; x_wconf 92' lang='lat' dir='ltr'>in</span> <span class='ocrx_word' id='word_1_199' title='bbox 1561 3097 1797 3182; x_wconf 90' lang='lat' dir='ltr'>prima</span> <span class='ocrx_word' id='word_1_200' title='bbox 1849 3103 1921 3166; x_wconf 85' lang='lat' dir='ltr'>et</span> <span class='ocrx_word' id='word_1_201' title='bbox 1984 3097 2315 3166; x_wconf 89' lang='lat' dir='ltr'>secunda</span> <span class='ocrx_word' id='word_1_202' title='bbox 2369 3097 2712 3165; x_wconf 87' lang='lat' dir='ltr'>instantia</span> <span class='ocrx_word' id='word_1_203' title='bbox 2763 3095 3217 3165; x_wconf 85' lang='lat' dir='ltr'>demandata</span> 
     </span>
     <span class='ocr_line' id='line_1_27' title="bbox 772 3198 1291 3268; baseline 0.012 -6"><span class='ocrx_word' id='word_1_204' title='bbox 772 3222 802 3262; x_wconf 71' lang='lat' dir='ltr'>e</span> <span class='ocrx_word' id='word_1_205' title='bbox 841 3198 1138 3266; x_wconf 77' lang='lat' dir='ltr'>fuerunt</span> <span class='ocrx_word' id='word_1_206' title='bbox 1174 3226 1206 3262; x_wconf 67' lang='lat' dir='ltr'>:a-</span> <span class='ocrx_word' id='word_1_207' title='bbox 1250 3198 1291 3268; x_wconf 74' lang='lat'>³.</span> 
     </span>
    </p>

    <p class='ocr_par' dir='ltr' id='par_1_7' title="bbox 770 3307 3221 4041">
     <span class='ocr_line' id='line_1_28' title="bbox 902 3307 3216 3390; baseline 0.001 -16"><span class='ocrx_word' id='word_1_208' title='bbox 902 3310 1006 3374; x_wconf 70' lang='lat' dir='ltr'>ill.</span> <span class='ocrx_word' id='word_1_209' title='bbox 1058 3310 1126 3374; x_wconf 72' lang='lat' dir='ltr'>Si</span> <span class='ocrx_word' id='word_1_210' title='bbox 1182 3326 1357 3375; x_wconf 68' lang='lat' dir='ltr'>vero</span> <span class='ocrx_word' id='word_1_211' title='bbox 1410 3330 1447 3371; x_wconf 82' lang='lat'><strong>«</strong></span> <span class='ocrx_word' id='word_1_212' title='bbox 1480 3311 1820 3378; x_wconf 80' lang='lat' dir='ltr'>secunda</span> <span class='ocrx_word' id='word_1_213' title='bbox 1866 3311 2230 3380; x_wconf 85' lang='lat' dir='ltr'>sententia</span> <span class='ocrx_word' id='word_1_214' title='bbox 2274 3311 2478 3380; x_wconf 89' lang='lat' dir='ltr'>alteri</span> <span class='ocrx_word' id='word_1_215' title='bbox 2528 3308 2935 3379; x_wconf 86' lang='lat' dir='ltr'>conformis</span> <span class='ocrx_word' id='word_1_216' title='bbox 2982 3307 3216 3390; x_wconf 87' lang='lat' dir='ltr'>fuerit,</span> 
     </span>
     <span class='ocr_line' id='line_1_29' title="bbox 774 3418 3219 3507; baseline -0.001 -21"><span class='ocrx_word' id='word_1_217' title='bbox 774 3441 806 3478; x_wconf 68' lang='lat' dir='ltr'>*t</span> <span class='ocrx_word' id='word_1_218' title='bbox 842 3422 982 3486; x_wconf 74' lang='lat' dir='ltr'>hee</span> <span class='ocrx_word' id='word_1_219' title='bbox 1030 3428 1146 3490; x_wconf 83' lang='lat' dir='ltr'>eet</span> <span class='ocrx_word' id='word_1_220' title='bbox 1190 3425 1250 3490; x_wconf 87' lang='lat' dir='ltr'>ei</span> <span class='ocrx_word' id='word_1_221' title='bbox 1298 3420 1367 3488; x_wconf 93' lang='lat' dir='ltr'>in</span> <span class='ocrx_word' id='word_1_222' title='bbox 1416 3419 1743 3489; x_wconf 84' lang='lat' dir='ltr'>secunda</span> <span class='ocrx_word' id='word_1_223' title='bbox 1796 3439 2036 3507; x_wconf 91' lang='lat' dir='ltr'>aeque</span> <span class='ocrx_word' id='word_1_224' title='bbox 2069 3439 2159 3490; x_wconf 94' lang='lat' dir='ltr'>ac</span> <span class='ocrx_word' id='word_1_225' title='bbox 2207 3420 2275 3487; x_wconf 94' lang='lat' dir='ltr'>in</span> <span class='ocrx_word' id='word_1_226' title='bbox 2311 3419 2548 3506; x_wconf 88' lang='lat' dir='ltr'>prima</span> <span class='ocrx_word' id='word_1_227' title='bbox 2600 3418 2890 3487; x_wconf 89' lang='lat' dir='ltr'>nullum</span> <span class='ocrx_word' id='word_1_228' title='bbox 2939 3437 3030 3487; x_wconf 89' lang='lat' dir='ltr'>ac</span> <span class='ocrx_word' id='word_1_229' title='bbox 3080 3418 3219 3486; x_wconf 88' lang='lat' dir='ltr'>irri-</span> 
     </span>
     <span class='ocr_line' id='line_1_30' title="bbox 770 3524 3221 3612; baseline -0 -18"><span class='ocrx_word' id='word_1_230' title='bbox 770 3550 806 3586; x_wconf 63' lang='lat' dir='ltr'>e</span> <span class='ocrx_word' id='word_1_231' title='bbox 842 3534 994 3594; x_wconf 76' lang='lat' dir='ltr'>turn</span> <span class='ocrx_word' id='word_1_232' title='bbox 1050 3529 1605 3598; x_wconf 78' lang='lat' dir='ltr'>metrimonium</span> <span class='ocrx_word' id='word_1_233' title='bbox 1655 3528 2058 3597; x_wconf 89' lang='lat' dir='ltr'>iudicatum</span> <span class='ocrx_word' id='word_1_234' title='bbox 2097 3525 2330 3611; x_wconf 82' lang='lat' dir='ltr'>fuerit,</span> <span class='ocrx_word' id='word_1_235' title='bbox 2357 3530 2428 3595; x_wconf 89' lang='lat' dir='ltr'>et</span> <span class='ocrx_word' id='word_1_236' title='bbox 2458 3527 2557 3597; x_wconf 87' lang='lat' dir='ltr'>ab</span> <span class='ocrx_word' id='word_1_237' title='bbox 2603 3545 2691 3595; x_wconf 88' lang='lat' dir='ltr'>ea</span> <span class='ocrx_word' id='word_1_238' title='bbox 2723 3544 2906 3612; x_wconf 84' lang='lat' dir='ltr'>pars</span> <span class='ocrx_word' id='word_1_239' title='bbox 2955 3525 3073 3594; x_wconf 89' lang='lat' dir='ltr'>vel</span> <span class='ocrx_word' id='word_1_240' title='bbox 3107 3524 3221 3593; x_wconf 90' lang='lat' dir='ltr'>de-</span> 
     </span>
     <span class='ocr_line' id='line_1_31' title="bbox 774 3630 3217 3722; baseline -0.002 -20"><span class='ocrx_word' id='word_1_241' title='bbox 774 3658 806 3694; x_wconf 62' lang='lat' dir='ltr'>e</span> <span class='ocrx_word' id='word_1_242' title='bbox 842 3634 1090 3702; x_wconf 76' lang='lat' dir='ltr'>feneer</span> <span class='ocrx_word' id='word_1_243' title='bbox 1126 3654 1259 3722; x_wconf 79' lang='lat' dir='ltr'>pro</span> <span class='ocrx_word' id='word_1_244' title='bbox 1281 3656 1417 3705; x_wconf 92' lang='lat' dir='ltr'>sua</span> <span class='ocrx_word' id='word_1_245' title='bbox 1445 3635 1897 3704; x_wconf 83' lang='lat' dir='ltr'>conscientia</span> <span class='ocrx_word' id='word_1_246' title='bbox 1923 3653 2070 3702; x_wconf 92' lang='lat' dir='ltr'>non</span> <span class='ocrx_word' id='word_1_247' title='bbox 2100 3633 2487 3704; x_wconf 88' lang='lat' dir='ltr'>crediderit</span> <span class='ocrx_word' id='word_1_248' title='bbox 2514 3633 3072 3720; x_wconf 85' lang='lat' dir='ltr'>appellandum,</span> <span class='ocrx_word' id='word_1_249' title='bbox 3111 3630 3217 3700; x_wconf 88' lang='lat' dir='ltr'>vel</span> 
     </span>
     <span class='ocr_line' id='line_1_32' title="bbox 774 3739 3219 3829; baseline -0 -23"><span class='ocrx_word' id='word_1_250' title='bbox 774 3762 806 3798; x_wconf 66' lang='lat' dir='ltr'>e</span> <span class='ocrx_word' id='word_1_251' title='bbox 842 3742 1412 3826; x_wconf 61' lang='lat' dir='ltr'>2112=111e11eti÷1÷nem</span> <span class='ocrx_word' id='word_1_252' title='bbox 1473 3742 1983 3829; x_wconf 82' lang='lat' dir='ltr'>interpositam</span> <span class='ocrx_word' id='word_1_253' title='bbox 2032 3741 2643 3828; x_wconf 87' lang='lat' dir='ltr'>prosequendam</span> <span class='ocrx_word' id='word_1_254' title='bbox 2698 3739 3003 3808; x_wconf 92' lang='lat' dir='ltr'>minime</span> <span class='ocrx_word' id='word_1_255' title='bbox 3065 3757 3219 3807; x_wconf 84' lang='lat' dir='ltr'>cen·</span> 
     </span>
     <span class='ocr_line' id='line_1_33' title="bbox 774 3845 3214 3937; baseline -0.001 -23"><span class='ocrx_word' id='word_1_256' title='bbox 774 3866 806 3906; x_wconf 67' lang='lat' dir='ltr'>e</span> <span class='ocrx_word' id='word_1_257' title='bbox 846 3846 1094 3930; x_wconf 73' lang='lat' dir='ltr'>suerit,</span> <span class='ocrx_word' id='word_1_258' title='bbox 1146 3846 1214 3914; x_wconf 67' lang='lat' dir='ltr'>fe</span> <span class='ocrx_word' id='word_1_259' title='bbox 1250 3852 1619 3935; x_wconf 76' lang='lat' dir='ltr'>potestate</span> <span class='ocrx_word' id='word_1_260' title='bbox 1642 3852 1716 3916; x_wconf 81' lang='lat' dir='ltr'>et</span> <span class='ocrx_word' id='word_1_261' title='bbox 1745 3845 2062 3917; x_wconf 74' lang='lat' dir='ltr'>arbitrio</span> <span class='ocrx_word' id='word_1_262' title='bbox 2087 3845 2487 3937; x_wconf 64' lang='lat' dir='ltr'>coniugum</span> <span class='ocrx_word' id='word_1_263' title='bbox 2513 3846 2608 3915; x_wconf 75' lang='lat' dir='ltr'>sit</span> <span class='ocrx_word' id='word_1_264' title='bbox 2645 3864 2881 3915; x_wconf 75' lang='lat' dir='ltr'>novas</span> <span class='ocrx_word' id='word_1_265' title='bbox 2914 3845 3214 3934; x_wconf 72' lang='lat' dir='ltr'>nuptias</span> 
     </span>
     <span class='ocr_line' id='line_1_34' title="bbox 774 3950 3218 4041; baseline 0 -23"><span class='ocrx_word' id='word_1_266' title='bbox 774 3974 806 4011; x_wconf 68' lang='lat' dir='ltr'>e</span> <span class='ocrx_word' id='word_1_267' title='bbox 842 3958 1314 4041; x_wconf 56' lang='lat' dir='ltr'>werenhere,</span> <span class='ocrx_word' id='word_1_268' title='bbox 1369 3955 1789 4026; x_wconf 89' lang='lat' dir='ltr'>dummodo</span> <span class='ocrx_word' id='word_1_269' title='bbox 1837 3956 2051 4025; x_wconf 91' lang='lat' dir='ltr'>alicui</span> <span class='ocrx_word' id='word_1_270' title='bbox 2102 3974 2368 4023; x_wconf 91' lang='lat' dir='ltr'>eorum</span> <span class='ocrx_word' id='word_1_271' title='bbox 2427 3955 2526 4024; x_wconf 86' lang='lat' dir='ltr'>ob</span> <span class='ocrx_word' id='word_1_272' title='bbox 2573 3953 2875 4041; x_wconf 89' lang='lat' dir='ltr'>aliquod</span> <span class='ocrx_word' id='word_1_273' title='bbox 2924 3950 3218 4041; x_wconf 87' lang='lat' dir='ltr'>impedi-</span> 
     </span>
    </p>
   </div>
   <div class='ocr_carea' id='block_1_6' title="bbox 770 4209 3216 4583">
    <p class='ocr_par' dir='ltr' id='par_1_8' title="bbox 770 4209 3216 4382">
     <span class='ocr_line' id='line_1_35' title="bbox 902 4209 3216 4288; baseline -0.002 -18"><span class='ocrx_word' id='word_1_274' title='bbox 902 4214 918 4246; x_wconf 52' lang='lat'><em>*</em></span> <span class='ocrx_word' id='word_1_275' title='bbox 970 4214 1094 4270; x_wconf 72' lang='lat' dir='ltr'>Ul&#39;r.</span> <span class='ocrx_word' id='word_1_276' title='bbox 1178 4210 1488 4270; x_wconf 63' lang='lat' dir='ltr'>festi-act.</span> <span class='ocrx_word' id='word_1_277' title='bbox 1552 4214 1614 4271; x_wconf 90' lang='lat' dir='ltr'>S.</span> <span class='ocrx_word' id='word_1_278' title='bbox 1665 4213 1732 4272; x_wconf 88' lang='lat' dir='ltr'>G.</span> <span class='ocrx_word' id='word_1_279' title='bbox 1793 4212 2055 4272; x_wconf 86' lang='lat' dir='ltr'>Concilii</span> <span class='ocrx_word' id='word_1_280' title='bbox 2108 4231 2206 4271; x_wconf 87' lang='lat' dir='ltr'>an.</span> <span class='ocrx_word' id='word_1_281' title='bbox 2263 4210 2416 4271; x_wconf 87' lang='lat'>1840</span> <span class='ocrx_word' id='word_1_282' title='bbox 2480 4214 2553 4269; x_wconf 73' lang='lat' dir='ltr'>in</span> <span class='ocrx_word' id='word_1_283' title='bbox 2612 4215 2733 4288; x_wconf 82' lang='lat' dir='ltr'>fin.</span> <span class='ocrx_word' id='word_1_284' title='bbox 2795 4228 2978 4286; x_wconf 79' lang='lat' dir='ltr'>quam</span> <span class='ocrx_word' id='word_1_285' title='bbox 3038 4209 3216 4268; x_wconf 79' lang='lat' dir='ltr'>habes</span> 
     </span>
     <span class='ocr_line' id='line_1_36' title="bbox 770 4310 1616 4382; baseline 0.002 -16"><span class='ocrx_word' id='word_1_286' title='bbox 770 4310 938 4366; x_wconf 71' lang='lat' dir='ltr'>infre</span> <span class='ocrx_word' id='word_1_287' title='bbox 986 4314 1050 4362; x_wconf 68' lang='lat' dir='ltr'>fu</span> <span class='ocrx_word' id='word_1_288' title='bbox 1106 4310 1469 4382; x_wconf 57' lang='lat' dir='ltr'>{rppende‘ce</span> <span class='ocrx_word' id='word_1_289' title='bbox 1512 4312 1616 4370; x_wconf 75' lang='lat'>2⁶.</span> 
     </span>
    </p>

    <p class='ocr_par' dir='ltr' id='par_1_9' title="bbox 902 4405 2543 4484">
     <span class='ocr_line' id='line_1_37' title="bbox 902 4405 2543 4484; baseline 0.001 -22"><span class='ocrx_word' id='word_1_290' title='bbox 902 4406 922 4442; x_wconf 64' lang='lat'><strong>3</strong></span> <span class='ocrx_word' id='word_1_291' title='bbox 970 4406 1279 4466; x_wconf 74' lang='lat' dir='ltr'>Benediet.</span> <span class='ocrx_word' id='word_1_292' title='bbox 1328 4408 1477 4468; x_wconf 87' lang='lat' dir='ltr'>XIV</span> <span class='ocrx_word' id='word_1_293' title='bbox 1520 4414 1717 4469; x_wconf 74' lang='lat' dir='ltr'>const.</span> <span class='ocrx_word' id='word_1_294' title='bbox 1770 4409 1890 4467; x_wconf 66' lang='lat' dir='ltr'>Dec·</span> <span class='ocrx_word' id='word_1_295' title='bbox 1933 4411 2354 4467; x_wconf 67' lang='lat' dir='ltr'>›nl-sermione</span> <span class='ocrx_word' id='word_1_296' title='bbox 2397 4410 2435 4484; x_wconf 63' lang='grc' dir='ltr'><strong>ἓ</strong></span> <span class='ocrx_word' id='word_1_297' title='bbox 2482 4405 2543 4465; x_wconf 90' lang='grc'>9.</span> 
     </span>
    </p>

    <p class='ocr_par' dir='ltr' id='par_1_10' title="bbox 902 4506 1789 4583">
     <span class='ocr_line' id='line_1_38' title="bbox 902 4506 1789 4583; baseline 0.002 -21"><span class='ocrx_word' id='word_1_298' title='bbox 902 4506 922 4542; x_wconf 68' lang='lat'>³</span> <span class='ocrx_word' id='word_1_299' title='bbox 970 4506 1150 4562; x_wconf 72' lang='lat' dir='ltr'>[clem.</span> <span class='ocrx_word' id='word_1_300' title='bbox 1202 4509 1306 4564; x_wconf 62' lang='lat' dir='ltr'>vit.</span> <span class='ocrx_word' id='word_1_301' title='bbox 1354 4515 1552 4566; x_wconf 78' lang='lat' dir='ltr'>const.</span> <span class='ocrx_word' id='word_1_302' title='bbox 1602 4509 1640 4583; x_wconf 69' lang='grc' dir='ltr'>ἓ</span> <span class='ocrx_word' id='word_1_303' title='bbox 1690 4508 1789 4565; x_wconf 83' lang='grc'>11.</span> 
     </span>
    </p>
   </div>
   <div class='ocr_carea' id='block_1_7' title="bbox 3454 2277 3461 2856">
    <p class='ocr_par' dir='ltr' id='par_1_11' title="bbox 3454 2277 3461 2856">
     <span class='ocr_line' id='line_1_39' title="bbox 3454 2277 3461 2856; baseline 0 0"><span class='ocrx_word' id='word_1_304' title='bbox 3454 2277 3461 2856; x_wconf 95' lang='lat' dir='ltr'> </span> 
     </span>
    </p>
   </div>
   <div class='ocr_carea' id='block_1_8' title="bbox 3454 2277 3461 2861">
    <p class='ocr_par' dir='ltr' id='par_1_12' title="bbox 3454 2277 3461 2861">
     <span class='ocr_line' id='line_1_40' title="bbox 3454 2277 3461 2861; baseline 0 0"><span class='ocrx_word' id='word_1_305' title='bbox 3454 2277 3461 2861; x_wconf 95' lang='lat' dir='ltr'> </span> 
     </span>
    </p>
   </div>
  </div>
 </body>
</html>
