3509 5317
1366 509 1722 569 -243-

327 643 548 713 monii
597 647 1173 714 consummatio.
1212 645 1432 716 Hisce
1466 645 1664 714 enim
1700 645 1769 712 in
1808 644 2170 715 adiunctis
2215 654 2333 715 sat
2379 652 2493 718 est
2522 647 2581 714 si
2619 665 2778 732 pro-

325 750 659 821 bationes
691 752 879 822 tales
905 753 1066 839 sint,
1102 761 1183 822 ut
1226 753 1734 824 certitudinem
1782 752 2143 824 moralem
2180 753 2470 841 pariant
2498 755 2593 824 de
2625 773 2774 822 non

322 860 990 947 consummatione,
1029 869 1107 929 ut
1139 863 1283 929 DD.
1318 861 1605 930 docent.
1656 861 2101 930 Huiusmodi
2136 866 2382 932 autem
2419 863 2780 951 probatio-

324 983 457 1033 nes
507 966 1033 1062 erui—possunt
1076 970 1427 1056 quamvis
1473 969 1657 1039 alter
1703 970 1981 1039 coniux
2014 974 2291 1056 perstet
2321 970 2393 1037 in
2426 990 2563 1039 sua
2614 989 2781 1038 con-

323 1077 672 1144 tumacia.
721 1076 839 1145 Sic
872 1077 935 1145 si
970 1095 1087 1145 ex.
1120 1096 1230 1165 gr.
1265 1096 1443 1164 pars
1490 1083 1902 1147 contumax
1950 1086 2176 1148 testes
2206 1078 2624 1166 producere
2665 1078 2781 1146 de·

321 1190 599 1269 tremet,
633 1185 861 1254 iudex
908 1185 1072 1255 illos
1121 1187 1500 1273 requirere
1532 1195 1605 1256 et
1650 1188 2024 1256 advocare
2074 1187 2145 1254 in
2209 1187 2561 1256 iudicium
2633 1194 2781 1274 pnt-

323 1291 459 1360 erit
505 1311 604 1360 ex
661 1291 946 1379 officiO,
999 1297 1080 1362 ut
1146 1300 1395 1364 actum
1467 1292 1597 1363 fuit
1667 1294 1735 1361 in
1812 1295 2022 1364 citata
2086 1314 2316 1364 causa
2373 1298 2534 1365 acta
2597 1295 2781 1362 inter

323 1398 625 1484 Spinola
677 1409 748 1468 et
793 1400 1154 1489 Brignole.
1207 1403 1396 1471 Cum
1444 1403 1642 1470 enim
1697 1403 1928 1472 vocati
1979 1421 2133 1470 non
2177 1401 2446 1472 fuerint
2476 1400 2571 1470 ad
2613 1422 2781 1470 exa*

324 1523 502 1572 men
552 1508 948 1595 propinqui
1020 1513 1091 1577 et
1159 1508 1427 1578 affines
1489 1509 1607 1579 vel
1680 1509 2069 1580 viciniores
2136 1509 2471 1589 mulieris
2535 1518 2785 1579 contu-⁷⁵

322 1613 583 1698 maciS,
635 1613 707 1682 S.
757 1614 827 1683 C.
863 1615 1139 1685 distulit
1173 1617 1727 1703 resolutionem,
1764 1624 1836 1687 et
1864 1619 2084 1687 scribi
2133 1618 2345 1687 iussit
2390 1617 2777 1706 Episcopo,

322 1725 409 1786 ut
453 1721 742 1790 mulieri
792 1741 1213 1813 congruum
1248 1726 1451 1794 iuxta
1503 1727 1837 1812 prudens
1884 1744 2111 1794 suum
2161 1724 2546 1793 arbitrium
2581 1743 2785 1811 prae-

321 1827 663 1898 stitueret
693 1832 1089 1899 terminum
1143 1833 1234 1901 ad
1271 1833 1739 1902 inducendos
1788 1838 2011 1902 testes
2056 1851 2196 1919 pro
2243 1833 2603 1919 septimae
2638 1850 2785 1898 ma-

321 1951 477 2002 nus
509 1936 890 2023 examine3
925 1956 1075 2025 quo
1108 1940 1424 2007 termino
1457 1939 1798 2008 inutiliter
1830 1939 2105 2025 elaps0‚
2157 1939 2785 2025 Archiepiscopus

322 2041 489 2128 ipse
536 2043 973 2129 procederet
1004 2065 1101 2115 ex
1126 2045 1369 2114 officio
1402 2047 1496 2113 ad
1533 2065 1857 2116 examen
1892 2046 2205 2132 illorum,
2240 2048 2364 2134 qui
2398 2046 2557 2115 sive
2588 2063 2785 2132 quae

318 2150 866 2238 consanguinei
913 2157 1044 2221 aut
1090 2154 1330 2238 amici,
1386 2153 1500 2220 vel
1552 2154 1647 2222 uti
1682 2151 2083 2222 familiares
2131 2154 2405 2221 domus
2455 2151 2785 2221 mulieris

319 2255 425 2327 ad
480 2259 980 2327 testimonium
1030 2258 1430 2329 ferendum
1483 2261 1725 2330 idonei
1764 2262 2004 2349 magis
2043 2261 2653 2345 comperirentur,
2693 2262 2785 2326 iu-

319 2370 460 2433 xta
509 2366 1031 2436 instructiones
1078 2367 1377 2438 dandas
1424 2389 1468 2437 a
1517 2370 1599 2436 D.
1650 2368 2065 2438 Secretario
2114 2387 2264 2436 una
2311 2385 2486 2435 cum
2537 2363 2789 2434 Defen-

320 2491 508 2543 sore
552 2475 1021 2544 matrimonii.

467 2580 813 2652 Confecto
846 2589 1098 2654 autem
1138 2584 1574 2673 regulariter
1605 2586 1675 2652 in
1712 2585 1926 2653 Curia
1977 2583 2377 2672 episcopali
2428 2601 2782 2669 processu

317 2709 564 2776 super
609 2709 761 2758 non
810 2693 1457 2762 consummatione
1508 2692 1955 2760 matrimonii
2005 2697 2075 2760 et
2120 2710 2351 2777 super
2398 2692 2777 2761 existentia

319 2816 611 2866 causae
674 2801 1078 2869 canonicae
1143 2799 1258 2867 vel
1326 2799 1650 2886 plurium
1715 2819 2122 2869 causarum
2185 2799 2247 2867 si
2313 2803 2582 2884 extent,
2640 2799 2785 2866 uni-

322 2904 534 2971 versi
584 2923 990 2991 processus
1036 2913 1203 2977 acta
1233 2905 1574 2976 'exscribi
1622 2915 1693 2976 et
1737 2907 1809 2975 in
1860 2905 2105 2974 forma
2149 2904 2566 2975 authentica
2610 2906 2787 2972 mitti

316 3011 608 3083 debent
654 3016 750 3084 ad
798 3015 1143 3085 eamdem
1182 3017 1253 3085 S.
1289 3016 1383 3101 C.,
1418 3015 1633 3084 cuius
1681 3015 2212 3084 commissione
2262 3024 2334 3082 et
2381 3015 2587 3082 iussu
2623 3032 2793 3082 exa-

319 3127 497 3191 rata
543 3120 861 3207 fuerunt,
912 3123 1168 3210 eisque
1217 3122 1430 3192 adiici
1480 3130 1801 3208 possunt
1847 3123 2167 3210 partium
2217 3122 2709 3211 allegationes
2745 3162 2789 3170 -

320 3229 657 3299 Omnino
704 3239 962 3312 autem,
1009 3231 1422 3317 requiritur,
1478 3233 1556 3298 ut
1590 3249 1740 3299 una
1790 3249 1964 3299 cum
2001 3248 2363 3316 processu
2415 3231 2793 3299 mittantur

319 3335 1027 3407 animaduersiones
1061 3337 1476 3407 defensoris
1509 3339 1955 3408 matrimonii
1990 3358 2087 3407 ex
2121 3338 2384 3406 officio.
2413 3339 2559 3407 Illis
2591 3342 2785 3408 enim

319 3442 868 3529 deficientibus,
923 3463 1330 3532 processus
1379 3445 1448 3512 in
1499 3444 1751 3514 causis
1800 3443 2464 3512 matrimonialibus
2511 3445 2790 3532 integer

318 3570 489 3621 non
538 3557 683 3635 est,
750 3552 921 3638 quia
972 3571 1020 3619 a
1067 3551 1312 3621 sacris
1393 3549 1826 3620 canonibus
1872 3547 2059 3617 haec
2106 3566 2339 3635 opera
2384 3547 2793 3618 defensoris

321 3656 673 3728 officialis
733 3656 1148 3746 requiritur.
1208 3696 1254 3708 -
1302 3663 1396 3726 At
1460 3656 1715 3726 nullibi
1766 3654 1838 3724 in
1910 3657 2069 3725 iure
2130 3658 2674 3743 praescribitur·
2717 3666 2793 3726 ut

320 3766 519 3836 actis
579 3784 985 3851 processus
1053 3766 1426 3834 inseratur
1474 3770 1729 3833 votam
1803 3763 2236 3833 canonistae
2294 3783 2388 3833 ac
2458 3765 2789 3854 theologi*

321 3878 588 3956 Quare
635 3875 706 3941 in
756 3875 967 3944 citata
1019 3874 1501 3944 Varsaviensi
1537 3874 1629 3941 ad
1676 3892 2098 3943 consonum
2147 3873 2482 3958 dubium,
2519 3893 2616 3941 an
2650 3874 2789 3958 opi=

318 3984 601 4053 niones
649 3982 968 4070 theologi
1017 3988 1088 4050 et
1138 3983 1569 4051 canonistae
1617 3981 2044 4050 necessario
2095 3977 2488 4051 mittendae
2545 3996 2793 4050 essent

318 4109 511 4162 curn
576 4090 760 4159 actis
817 4089 1301 4176 iudicialibuS‚
1366 4089 1438 4159 S.
1489 4090 1562 4158 C.
1629 4089 1745 4158 die
1810 4090 1895 4156 16
1945 4088 2116 4155 iunii
2185 4089 2789 4175 respondendum

316 4198 670 4271 censuit:
728 4197 1088 4287 Negatio&
1125 4196 1167 4264 ¹.
1214 4235 1259 4244 -
1306 4200 1401 4266 At
1447 4216 1625 4265 vero
1675 4197 1948 4283 optime
1997 4215 2081 4265 se
2128 4201 2335 4284 geret
2380 4197 2797 4284 Episcopus

314 4312 387 4383 si
438 4308 609 4379 suis
657 4306 900 4392 literis,
949 4306 1224 4393 quibus
1273 4307 1367 4376 ad
1404 4305 1476 4373 S.
1528 4306 1599 4373 C.
1636 4309 1796 4374 acta
1834 4302 2045 4371 mittit
2090 4303 2472 4388 iudicialia,
2513 4303 2797 4374 adiiciat

458 4544 476 4580 ¹
531 4537 671 4599 cfr.
721 4537 830 4596 cit.
883 4534 1352 4611 ephemerc‘deS,
1397 4553 1501 4593 seu
1548 4535 1710 4591 Arta
1754 4534 1820 4592 S.
1858 4533 2041 4591 Sedis
2108 4535 2181 4590 in
2242 4550 2444 4608 comp.
2512 4535 2797 4602 reda-assi,

308 4644 443 4704 vol.
494 4636 625 4702 27,
664 4651 823 4709 pay.
880 4632 1031 4690 153.
