3509 5317
876 466 1054 527 ..458-

348 602 468 672 trariis
491 602 738 689 relationibus,
764 621 861 690 quas
885 602 945 671 vel
969 605 1151 693 coniuges
1174 604 1387 674 habuerunt
1409 605 1505 675 inter
1527 624 1582 691 se

347 709 506 780 durante
529 728 660 779 eorum
685 709 941 796 contubernio,
958 709 1016 781 vel
1041 710 1100 780 ille
1114 711 1178 798 qui
1197 710 1586 798 discessitcontinua·

348 819 399 887 vit
421 835 509 886 cum
533 816 650 887 altero
672 817 832 904 coniuge
854 817 936 887 sive
960 836 1027 904 per
1052 816 1189 888 litteras
1212 819 1292 888 sive
1314 836 1383 906 per
1404 820 1583 906 nuncios3

348 926 380 994 si
404 923 502 995 enim
526 924 744 1008 constiterit,
769 922 817 993 ad
841 929 993 1011 tempus
1015 926 1126 994 tatem
1151 925 1393 1012 epistolarum
1417 927 1499 997 sive
1527 945 1584 995 re·

349 1031 527 1102 lationum
550 1030 861 1101 consuetudinem
885 1030 1061 1119 adfuisse,
1085 1042 1121 1102 et
1143 1036 1272 1120 postea
1289 1051 1474 1119 cessasse,
1491 1034 1584 1121 quin

348 1138 567 1211 cessationis
582 1156 721 1209 caussa
736 1145 802 1209 aut
816 1139 909 1209 ratio
934 1150 1123 1227 appareat
1139 1142 1266 1229 gravis
1282 1141 1330 1210 de
1346 1149 1468 1211 morte
1484 1142 1585 1212 obita

348 1247 604 1334 praesumptio
629 1246 841 1333 habebitur;
864 1246 897 1316 si
913 1267 934 1318 e
950 1252 1081 1317 contra
1095 1247 1298 1318 constiterit
1318 1267 1407 1319 eum
1424 1249 1489 1336 qui
1514 1248 1588 1319 dis·

348 1354 459 1425 cessit
481 1372 675 1442 nunquam
708 1352 952 1439 epistolarum
984 1355 1256 1426 commercium
1288 1356 1469 1426 habuisse
1492 1375 1583 1425 curn

347 1482 417 1533 sua
440 1461 587 1549 iamilia,
611 1468 675 1532 aut
698 1480 786 1531 cum
810 1463 1031 1551 propinquis
1054 1470 1092 1534 et
1112 1463 1253 1548 amicis,
1273 1463 1453 1533 indicium
1478 1482 1586 1534 mere

348 1569 564 1658 negativum
588 1568 730 1639 nullam
755 1569 1012 1657 probationem
1037 1568 1160 1640 lacere
1189 1570 1331 1658 poterit.
1366 1570 1583 1640 Ponderan·

348 1668 439 1745 dum
475 1695 627 1765 quoque
651 1676 718 1746 erit
743 1695 866 1767 genus
890 1677 1008 1765 vitae,
1032 1677 1133 1765 quod
1158 1677 1356 1747 discedens
1391 1677 1427 1744 in
1460 1676 1586 1746 aliena

348 1782 500 1870 regione
523 1783 724 1871 amplexus
747 1780 870 1871 luerit3
896 1785 927 1853 si
953 1784 1065 1855 vitam
1090 1791 1127 1854 et
1149 1789 1268 1853 artem
1294 1783 1494 1854 militarem
1523 1802 1586 1852 ex·

348 1890 550 1961 ercendam
584 1890 755 1979 elegerit,
780 1891 847 1980 vel
864 1893 933 1961 arti
958 1893 1128 1963 nauticae
1155 1898 1221 1963 ant
1249 1891 1400 1962 servitio
1424 1890 1585 1961 alicuius

349 1998 456 2068 navis
479 2017 565 2068 sese
587 1998 779 2084 addixerit,
803 2004 840 2068 et
862 2006 1112 2088 cognoscatur
1134 1999 1170 2067 in
1195 2018 1271 2085 quo
1301 1998 1468 2068 exercitu
1497 1998 1586 2066 mili·

348 2107 493 2193 taverit,
519 2111 584 2176 aut
612 2107 649 2174 in
682 2128 757 2196 qua
787 2109 872 2179 navi
908 2107 1093 2196 servierit,
1117 2107 1372 2195 inquisitiones
1403 2111 1514 2176 erunt
1536 2104 1585 2174 l-

348 2216 502 2287 ciendae
524 2233 642 2303 penes
665 2218 783 2287 duces
806 2217 995 2287 exercitus
1018 2217 1125 2302 illius,
1150 2222 1185 2287 et
1208 2235 1325 2304 penes
1359 2215 1583 2303 gubernato·

348 2342 409 2393 res
433 2323 490 2392 vel
515 2321 693 2394 officiales
715 2324 838 2393 navis.
872 2325 911 2394 Si
934 2325 1081 2414 cognita
1115 2323 1253 2395 luerint
1277 2323 1357 2393 loca
1382 2323 1418 2391 in
1444 2323 1583 2411 quibus

347 2436 605 2500 commoratus
628 2440 694 2518 est,
717 2432 754 2500 in
778 2432 937 2520 singulis
962 2432 1062 2519 locis,
1087 2442 1123 2502 et
1145 2424 1363 2519 praesertim
1395 2431 1432 2499 in
1461 2429 1520 2498 illo
1545 2430 1580 2498 in

346 2556 423 2627 quo
452 2538 775 2625 commorabatur,
800 2539 953 2628 quando
977 2542 1058 2610 eius
1086 2534 1218 2610 indicia
1250 2538 1391 2627 perdita
1419 2537 1580 2624 luerunt,

347 2646 649 2735 investigationes
672 2654 781 2718 erunt
805 2646 1007 2719 faciendae.
1031 2649 1089 2718 Ad
1114 2648 1185 2717 bas
1209 2647 1369 2717 tribunal
1393 2646 1584 2716 adhibebit

348 2755 504 2826 idoneas
528 2775 721 2844 personas
745 2756 778 2826 si
802 2762 953 2845 praesto
975 2757 1065 2841 sint,
1091 2755 1150 2825 vel
1174 2756 1284 2826 etiam
1308 2754 1436 2825 civiles
1459 2759 1584 2825 aucto

348 2865 484 2951 ritates,
508 2864 557 2934 ab
580 2865 713 2935 iisdem
736 2866 962 2952 postulando
989 2870 1036 2952 ut,
1058 2865 1197 2952 quibus
1220 2862 1360 2950 pollent
1383 2862 1519 2947 modis,
1533 2861 1582 2930 de

348 2969 408 3039 illo
432 2978 666 3059 opportunas
688 2972 993 3061 investigationes
1009 2970 1152 3055 iaciant,
1170 2978 1283 3058 atque
1306 2970 1418 3039 etiam
1441 2969 1478 3037 in
1499 2968 1585 3037 sub

347 3078 486 3148 sidium
511 3084 692 3149 vocentur
715 3080 866 3167 publica
889 3079 1004 3150 diaria
1035 3098 1122 3150 cum
1155 3077 1375 3148 indicatione
1408 3075 1582 3161 nominis,

348 3186 596 3275 cognominis,
621 3189 777 3275 patriae,
803 3186 1061 3275 professionis,
1086 3193 1122 3256 et
1149 3185 1369 3256 conditionis
1397 3181 1511 3270 illius,
1535 3182 1584 3252 de

349 3313 424 3383 quo
448 3295 648 3382 quaeritur.
677 3297 767 3364 Item
793 3297 822 3366 si
846 3294 927 3366 fleri
950 3297 1087 3384 possit,
1111 3293 1273 3365 tribunal
1296 3292 1457 3377 curabit,
1483 3294 1523 3360 ut
1545 3290 1582 3359 in

349 3401 439 3471 locis
462 3401 499 3470 in
523 3403 661 3490 quibus
684 3403 782 3472 idem
807 3410 1065 3475 commoratus
1083 3403 1202 3488 suerit,
1219 3401 1367 3490 publica
1391 3398 1512 3469 edicta
1535 3395 1585 3467 ai·

347 3508 521 3599 figantur,
546 3516 582 3580 et
604 3511 738 3597 singuli
763 3511 982 3597 excitentur,
1008 3517 1048 3581 ut
1070 3511 1232 3595 notitias,
1256 3508 1408 3595 siquas
1432 3505 1582 3590 babent,

348 3618 461 3687 velint
483 3619 733 3705 suppeditare.
768 3618 806 3689 Si
836 3618 1014 3689 omnibus
1042 3618 1122 3687 istis
1149 3616 1374 3686 adiumentis
1409 3611 1583 3681 adhibitis

347 3725 435 3793 nihil
459 3726 613 3795 omnino
637 3726 769 3813 poterit
793 3727 967 3814 reperiri,
993 3735 1029 3798 et
1059 3727 1091 3794 si
1114 3744 1248 3796 omnes
1280 3720 1582 3794 circumstantiae

347 3836 394 3906 ad
419 3839 578 3904 mortem
595 3834 731 3922 prioris
750 3835 919 3924 coniugis
943 3840 1029 3904 ante
1044 3834 1232 3904 secundas
1248 3832 1407 3918 nuptias,
1424 3829 1473 3899 de
1495 3848 1583 3917 qua·

347 3962 431 4013 rum
451 3941 579 4013 valore
602 3941 732 4030 agitur,
750 3941 1023 4014 adstruendam
1042 3942 1348 4029 conspiraverint,
1365 3938 1483 4008 iudex
1501 3954 1582 4005 sen·

347 4049 496 4119 tentiam
522 4047 688 4136 proferre
712 4054 841 4118 contra
865 4049 1079 4119 secundum
1110 4047 1389 4118 matrimonium
1412 4034 1490 4114 non
1508 4048 1583 4131 pot·

347 4157 429 4243 erit3
454 4175 529 4225 non
554 4157 654 4226 enim
678 4163 866 4227 constaret
882 4157 930 4227 de
946 4158 1027 4227 eius
1051 4156 1226 4226 nullitate.
1251 4153 1359 4236 Quod
1381 4153 1413 4223 si
1437 4152 1487 4222 de
1507 4169 1582 4221 ma·

347 4264 518 4334 trimonio
542 4263 799 4334 contrahendo
822 4272 965 4354 agatur,
987 4265 1059 4334 boc
1082 4262 1242 4352 permitti
1266 4279 1478 4349 numquam
1503 4264 1579 4347 pot·

346 4373 423 4460 erit,
448 4370 568 4441 donec
591 4371 638 4441 de
662 4380 782 4442 morte
805 4372 941 4459 prioris
964 4372 1134 4460 coniugis
1157 4385 1259 4441 certo
1282 4367 1497 4439 constiterit.

413 4482 435 4564 ἓ
458 4482 512 4549 44.
536 4480 585 4548 At
607 4481 638 4547 si
662 4496 737 4548 non
758 4497 807 4549 ex
831 4478 901 4548 isto
924 4478 1138 4566 captasse
1155 4478 1279 4565 potius
1301 4475 1388 4564 quia
1413 4475 1578 4562 primum

348 4587 628 4659 matrimonium
652 4587 688 4654 in
713 4586 860 4656 haeresi
887 4592 1139 4673 contractum,
1164 4585 1369 4656 rescissum
1398 4580 1507 4653 luerit
1529 4578 1577 4650 ob
