3509 5317
1367 511 1723 572 -315-

323 663 360 706 «
393 647 615 713 notte.
665 644 694 712 I
742 645 1010 714 medici
1058 646 1198 716 che
1247 646 1315 717 lo
1366 650 1835 721 assistevano
1883 671 2117 723 erano
2166 654 2209 721 il
2258 654 2404 742 Sig.
2457 657 2579 723 Dr.
2629 660 2781 724 {frim-

329 771 364 813 ‹
400 751 622 820 vanni
672 751 746 820 C.
796 751 889 820 ed
938 752 982 820 il
1029 752 1178 842 Sig.
1214 757 1334 823 Dr.
1387 756 1748 827 Giovanni
1799 762 1906 842 A„
1956 760 2205 847 iquali
2242 762 2781 834 assicuravfflw

323 878 359 919 α
391 857 534 926 che
570 857 646 928 la
700 858 1031 929 malattia
1076 879 1201 930 era
1253 869 1668 949 provenuta
1703 865 2122 936 dall’abuso
2156 867 2270 938 dei
2306 867 2609 940 farmaci
2642 892 2781 955 ,ιν-,μην

321 962 593 1052 «farsi
632 970 955 1054 potente.
1027 968 1356 1039 Durante
1417 970 1829 1042 l’infermita
1893 975 1961 1042 io
2027 975 2430 1064 interruppi
2491 976 2558 1046 la
2615 1000 2777 1048 [τι-τη-

323 1091 360 1134 «
391 1071 850 1143 dormizione
898 1092 1047 1145 ecc.
1100 1077 1455 1148 Risanato
1503 1079 1567 1147 si
1614 1080 1985 1167 riattacco‚
2035 1100 2253 1152 come
2299 1084 2360 1151 si
2410 1085 2777 1154 riattarffl-

321 1198 358 1242 «
390 1197 580 1248 rono
628 1181 649 1248 i
696 1182 862 1250 suoi
910 1183 1361 1271 moltiplicati
1407 1184 1626 1255 sforzi
1676 1205 1811 1274 per
1859 1188 1927 1258 16
1977 1192 2601 1278 consumazione,
2661 1212 2769 1260 [ῃει

322 1305 357 1347 ‹
392 1296 799 1357 tornarono
865 1307 1174 1377 sempre
1232 1293 1434 1377 vani,
1499 1292 1763 1379 poiche
1824 1314 1972 1364 non
2041 1297 2101 1364 si
2166 1295 2561 1368 verificava
2629 1304 2769 1364 [sifai

322 1412 357 1454 ‹
374 1390 739 1481 formalis
786 1395 1075 1465 erectio.
1129 1397 1272 1468 Un’
1296 1399 1479 1468 altra
1532 1400 2025 1472 interruzione
2073 1402 2145 1470 di
2206 1403 2376 1473 letto
2436 1424 2777 1473 avvffluw

321 1519 356 1561 «ι
388 1498 459 1566 in
512 1499 587 1568 C.
644 1520 778 1587 per
823 1502 843 1569 i
892 1503 1190 1589 pericoli
1240 1504 1357 1575 del
1407 1507 1660 1576 colera
1706 1508 1826 1578 del
1878 1512 2073 1579 1865.
2125 1510 2479 1580 Ritornati
2539 1512 2609 1580 in
2665 1536 2777 1596 μι-

318 1607 521 1676 «tria
572 1609 636 1677 ci
686 1609 1089 1679 riunimmo
1138 1614 1379 1683 anche
1427 1614 1501 1682 di
1549 1615 1719 1684 letto
1770 1636 1904 1704 per
1949 1618 2267 1705 qualche
2315 1623 2609 1706 temp0‚
2661 1640 2777 1688 ειη-

319 1715 526 1785 «che
575 1735 716 1785 con
782 1719 1109 1788 tentativi
1168 1721 1396 1789 inutili
1457 1722 1530 1791 di
1594 1725 2213 1811 cunsumazione3
2280 1744 2399 1795 ma
2462 1728 2777 1815 qualrlw

317 1843 354 1885 ⁴<
384 1842 599 1894 maee
646 1826 886 1912 prima
935 1826 1125 1897 della
1175 1828 1430 1899 intiera
1466 1830 1617 1899 mia
1649 1833 2136 1916 separazione
2167 1833 2258 1901 da
2298 1832 2418 1917 lui,
2454 1833 2588 1922 egli
2629 1856 2689 1900 ιιι
2713 1856 2773 1900 η]

317 1951 354 1995 «
385 1951 540 2000 non
592 1934 785 2004 volle
832 1935 960 2021 piu
1009 1935 1294 2004 dormir
1341 1955 1577 2021 metm,
1614 1938 2052 2024 prendendo
2090 1938 2257 2007 letto
2289 1939 2478 2010 nella
2517 1944 2769 2009 stanxsi

317 2059 354 2100 «
386 2038 581 2108 della
629 2040 701 2109 di
753 2041 851 2110 lui
901 2044 1184 2129 madre,
1233 2057 1277 2112 6
1325 2041 1704 2113 lasciando
1751 2062 1878 2113 me
1924 2044 2084 2113 sola
2120 2044 2314 2115 nella
2360 2052 2609 2116 stanza
2657 2072 2773 2112 rm-

320 2166 357 2207 «
386 2147 573 2217 ziale
620 2166 761 2216 con
816 2147 886 2217 la
931 2148 1337 2219 domestica
1372 2171 1410 2213 »
1445 2152 1484 2232 (
1498 2149 1625 2218 Vir
1670 2149 1769 2219 ab
1820 2169 2072 2220 uoeore
2117 2157 2382 2241 sponte
2412 2172 2556 2222 sua
2588 2176 2777 2220 rama

312 2251 447 2338 dit,
503 2274 655 2324 non
699 2257 886 2324 haec
930 2277 978 2326 α
1029 2255 1216 2341 virs),
1269 2261 1441 2344 post
1484 2254 1881 2327 innumera
1915 2258 2020 2327 ad
2051 2278 2212 2327 rem
2249 2259 2613 2330 nemoriani
2649 2264 2773 2324 sas-s-

313 2357 637 2430 bendam
682 2366 757 2430 et
804 2381 1039 2450 usque
1068 2362 1472 2459 frustrata
1538 2365 1948 2438 tentamina
2011 2363 2218 2435 intra
2281 2365 2551 2435 biennii
2609 2388 2773 2456 asm-

315 2465 567 2553 tiam),·
623 2491 660 2533 ⁴<
693 2470 785 2539 ed
834 2471 904 2538 io
966 2471 1066 2538 mi
1135 2472 1205 2539 vi
1263 2471 1621 2558 acquietai
1682 2473 1829 2541 ben
1894 2473 2306 2560 volent-ieri,
2372 2475 2645 2561 perche
2709 2480 2769 2540 l==

315 2596 351 2637 α
382 2595 679 2663 amava,
729 2597 771 2647 e
819 2596 969 2646 non
1019 2580 1120 2646 mi
1172 2595 1495 2668 reggeva
1545 2578 1846 2648 l’animo
1893 2599 1937 2648 a
1985 2578 2289 2649 vederlo
2335 2579 2492 2649 cosi
2522 2600 2773 2668 aspra-

315 2704 352 2746 «
384 2690 637 2755 mente
683 2687 936 2774 patire,
986 2687 1253 2756 stando
1306 2675 1579 2757 meco‘»
1633 2685 1904 2771 (Actor.
1938 2685 2084 2755 foll.
2124 2688 2390 2775 16-19).

441 2797 505 2864 5.
557 2794 762 2864 Datis
812 2795 1016 2864 hisce
1064 2796 1468 2882 responsis
1518 2794 1812 2881 aliaque
1851 2792 1969 2862 die
2016 2794 2112 2864 ad
2175 2815 2499 2865 examen
2571 2819 2769 2868 rea-m-

313 2908 471 2971 cata
524 2901 727 2981 Iulia,
779 2901 938 2970 aliis
983 2901 1565 2988 interrogatoriis
1614 2904 1772 2968 tum
1821 2920 1866 2969 a
1928 2898 2322 2971 defensore
2384 2902 2769 2972 validitate

311 3009 785 3093 matrimonii,
834 3014 993 3077 tum
1044 3027 1143 3077 ex
1190 3006 1433 3077 officio
1483 3006 1881 3095 propositis
1927 3009 2108 3078 satis
2141 3010 2442 3080 abunde
2475 3008 2657 3084 fecit*
2701 3024 2772 3080 ut*

310 3122 504 3202 patet
553 3135 655 3185 ex
700 3117 882 3186 actis
926 3117 1175 3185 citatis.
1228 3113 1636 3185 Confirmat
1682 3115 1881 3184 enim
1915 3116 2192 3186 clarius
2223 3134 2314 3186 ac
2361 3119 2769 3189 evidentium·

312 3241 402 3292 ea
446 3243 648 3311 quae
694 3224 840 3292 iam
891 3225 964 3292 in
998 3225 1237 3310 prima
1278 3223 1736 3310 depositione
1771 3225 2139 3308 retulerat,
2177 3224 2399 3312 idque
2431 3226 2588 3295 aliis
2629 3248 2773 3296 nw-

310 3333 422 3418 gis
469 3331 835 3418 explicitis
881 3338 951 3402 et
1000 3331 1565 3419 particularibus
1597 3332 2217 3417 enarrationibus,
2250 3333 2629 3423 citatisque
2685 3340 2773 3400 τὶ.-

310 3440 438 3509 ctis
485 3446 560 3510 et
607 3440 937 3526 testihuS,
986 3458 1312 3527 quorum
1362 3441 1597 3508 iurata
1646 3439 2083 3523 testimonia,
2138 3450 2216 3508 ut
2247 3438 2432 3510 infra
2476 3448 2769 3529 patebit,

309 3547 545 3634 ipsius
593 3547 803 3616 dictis
850 3549 1181 3618 certatim
1229 3550 1452 3634 atque
1497 3545 1963 3615 adamussim
2013 3544 2545 3634 suffragantur.
2597 3552 2773 3620 [Jun-

310 3651 560 3725 flrmat
605 3655 844 3744 igitur,
910 3661 1245 3742 tempore
1304 3653 1647 3723 eiusdem
1709 3652 2276 3722 cohabitationis
2334 3671 2512 3723 cum
2578 3660 2769 3728 Cain„

310 3781 702 3851 nunquam
753 3763 955 3833 hunc
1002 3762 1329 3832 valuisse
1366 3760 1923 3830 matrimonium
1955 3779 2514 3849 consummare,
2551 3764 2769 3852 idqu

310 3872 405 3939 ob
450 3872 877 3941 absolutam
927 3870 1439 3958 impotentiam
1485 3869 1918 3957 organicam
1968 3868 2341 3957 arrigendi
2390 3875 2461 3939 et
2506 3889 2773 3940 coeun-

310 3977 400 4063 di,
449 3978 549 4047 ob
595 3976 1112 4047 flacciditatem
1184 3983 1255 4047 et
1308 3976 1879 4059 imbecillitatem
1947 3975 2378 4064 genitalium
2438 3996 2527 4046 ac
2587 3980 2773 4048 [l=·÷l‘;-3-

309 4099 510 4154 ctum
562 4085 715 4154 veri
766 4086 1095 4170 seminia,
1146 4084 1244 4153 ob
1300 4085 1773 4153 excessivam
1836 4082 2379 4171 glacialemque
2438 4083 2769 4174 frigidim-

310 4196 492 4260 tem:
558 4215 598 4256 (
626 4193 1109 4282 Interrogata
1165 4211 1244 4260 se
1312 4190 1618 4280 quando
1681 4188 1734 4258 il
1802 4209 1941 4258 sao
1997 4188 2276 4259 marito
2343 4196 2645 4262 tentam
2697 4200 2765 4258 :ff

315 4320 350 4362 «
378 4319 855 4385 consumare,
909 4307 1192 4370 notaoa
1237 4299 1313 4368 in
1360 4296 1467 4367 leci
1513 4317 1613 4367 ιιη
1658 4316 1949 4367 accesso
1995 4295 2078 4367 di
2103 4297 2381 4384 calore,
2431 4319 2477 4369 o
2525 4322 2625 4368 ιιη
2675 4324 2769 4364 πψ-

315 4427 352 4468 ‹<
380 4426 589 4477 66860
635 4407 717 4477 di
742 4406 1175 4496 freddezza
1204 4401 1292 4474 ».'
1341 4406 1784 4494 Respondit:
1854 4426 1891 4469 «
1934 4404 2237 4474 Notaoa
2281 4405 2491 4476 ηαίία
2537 4408 2621 4477 dc*
2661 4432 2769 4471 ffi-

316 4534 350 4576 «
382 4513 566 4600 lore,
618 4514 802 4585 anzi
843 4534 996 4585 una
1046 4513 1477 4605 freddezza
1541 4511 1856 4602 91α6ία16
1888 4534 1951 4580 ».
2021 4511 2137 4581 Ad
2200 4533 2398 4600 quae
2459 4520 2769 4585 naturus*

316 4622 473 4691 vitia
523 4623 860 4694 curanda
910 4623 1026 4695 vel
1087 4622 1350 4692 saltem
1412 4621 1891 4709 corrigenda,
1958 4624 2035 4689 ut
2090 4638 2251 4689 rem
2310 4621 2588 4692 habere
2657 4628 2769 4692 :lll-
