3509 5317
861 482 1041 542 ..246-

944 729 968 796 1.

704 889 761 957 De
784 888 1018 957 matrimonii
1036 887 1208 958 nullitate

340 994 504 1086 inspecto
520 1015 717 1080 consensa,
736 994 935 1082 domicilio,
955 994 1170 1085 impropria
1186 995 1310 1066 cultra
1334 995 1574 1085 disparitate.

453 1136 458 1161 .

411 1198 441 1263 1.
466 1193 610 1264 Litteris
633 1195 703 1264 diei
726 1197 772 1265 24
796 1194 946 1283 augusti
972 1194 1059 1263 anni
1085 1196 1169 1267 1871
1198 1197 1240 1262 R.
1259 1195 1296 1262 P.
1312 1196 1351 1262 D.
1370 1195 1407 1263 S.
1425 1194 1463 1263 C.
1485 1194 1577 1262 Con-

342 1301 411 1371 cilii
435 1302 666 1371 secretarius
689 1302 778 1371 mihi
802 1300 1015 1391 significare
1031 1300 1267 1389 dignabatur,
1285 1302 1574 1371 Sanctissimum

344 1409 385 1477 D.
409 1411 452 1477 N.
476 1410 549 1477 iam
585 1409 669 1478 inde
699 1429 721 1479 a
751 1410 854 1478 die3
880 1408 954 1478 iulii
984 1407 1020 1476 d.
1043 1428 1076 1477 a.
1102 1408 1263 1496 benigne
1295 1408 1509 1489 indulsisse,
1535 1413 1578 1476 ut

344 1519 438 1586 haec
465 1536 578 1587 causa
611 1536 709 1621 quae
737 1517 992 1586 inscribitur«
1014 1514 1206 1585 dictitatis
1236 1513 1501 1585 matrimonii»
1526 1535 1577 1584 ex

344 1624 489 1711 delectu
515 1625 773 1694 iurisdictionis
803 1625 839 1692 in
874 1624 1071 1695 sacerdote
1102 1624 1304 1694 adsistente
1338 1624 1577 1695 celebrationi

345 1734 514 1803 eiusdem
541 1734 763 1802 matrimonii
787 1734 883 1802 inter
910 1733 1045 1803 Titium
1078 1737 1113 1803 et
1145 1732 1273 1802 Caiam
1306 1738 1490 1820 sequulae
1518 1731 1577 1802 die

347 1844 389 1912 18
414 1841 485 1910 iulii
511 1861 570 1909 an.
588 1843 685 1927 1863,
709 1847 830 1912 stante
853 1842 1057 1930 coniugum
1083 1845 1309 1928 paupertate,
1335 1840 1578 1910 oeconomice

347 1956 618 2035 proponeretur
641 1968 729 2018 cum
755 1955 840 2018 voto
864 1947 1026 2045 theologi
1051 1955 1088 2018 et
1109 1949 1336 2034 canonistas,
1353 1966 1441 2017 cum
1464 1948 1580 2015 anim-

346 2056 632 2126 adversionibus
653 2055 862 2126 defensoris
888 2057 1110 2127 matrimonii
1134 2076 1183 2126 ex
1207 2054 1361 2143 cilicia,
1386 2061 1499 2143 atque
1529 2056 1578 2126 ab

347 2165 658 2234 Eminentissimis
682 2166 855 2235 Patribus
870 2166 907 2234 S.
925 2162 1072 2235 Concilii
1088 2164 1290 2234 Tridentini
1314 2164 1579 2250 interpretibus

348 2273 383 2339 in
408 2274 528 2358 gradu
552 2271 809 2359 appellationis
832 2273 1078 2343 dirimeretur.
1114 2273 1218 2358 Hinc,
1244 2271 1477 2341 transmissis
1512 2290 1580 2358 per

348 2380 599 2448 authenticam
623 2381 770 2465 copiam
792 2382 884 2451 actis
908 2380 1139 2449 iudicialibus
1172 2381 1208 2447 in
1242 2380 1442 2468 episcopali
1468 2381 1579 2450 Curia

348 2486 504 2555 civitatis
526 2488 568 2554 N.
592 2486 778 2573 confectis,
796 2489 895 2558 idem
912 2486 1171 2575 amplissimus
1188 2487 1342 2558 Praesul
1360 2484 1581 2557 canonistae
1641 2532 1646 2539 ·

349 2611 490 2662 munus
514 2595 604 2663 mibi
627 2596 853 2666 concredere
877 2597 993 2680 duxit,
1020 2602 1061 2665 ut
1083 2595 1129 2665 de
1157 2594 1288 2664 iisdem
1313 2596 1405 2664 actis
1428 2594 1583 2684 lsenten·

349 2701 473 2787 tiaque
496 2702 544 2770 ab
568 2703 701 2772 eadem
726 2703 833 2772 Curia
860 2704 896 2770 in
922 2704 1043 2790 primo
1068 2702 1331 2772 iurisdictionis
1355 2701 1475 2791 gradu
1498 2721 1583 2789 pro

351 2807 422 2877 lata
447 2808 658 2894 opinionem
684 2829 808 2879 meam
835 2808 1051 2897 proferrem.
1084 2810 1192 2891 Quod
1218 2815 1257 2878 ut
1281 2828 1349 2895 pro
1376 2809 1469 2879 meis
1501 2810 1583 2879 viri·

350 2915 431 3001 bue,
449 2916 579 2985 ordine
603 2917 703 2987 iuxta
729 2936 774 2987 ac
797 2917 971 3003 claritate,
989 2902 1222 3004 perficerem,
1242 2915 1464 2987 eorumdem
1486 2923 1583 2986 acto·

352 3042 434 3091 rum
460 3025 595 3091 seriem
621 3025 706 3093 inde
730 3026 777 3094 ab
802 3025 926 3095 limine
952 3026 1113 3111 breniae,
1131 3043 1206 3112 quo
1224 3024 1303 3093 fleri
1325 3026 1451 3111 potuit,
1468 3043 1583 3110 expo·

352 3150 440 3199 nere
464 3132 579 3220 sategi
606 3138 646 3200 ut
669 3134 847 3221 sequitur.

670 3368 837 3418 ACTORUM
863 3367 992 3417 samus
1016 3367 1235 3417 EXPONITUR.

417 3530 449 3596 2.
474 3528 557 3598 Cala
584 3528 683 3614 apud
711 3529 927 3615 parochiam
951 3548 982 3597 s,
1000 3528 1184 3597 Francisci
1209 3526 1406 3597 cuiusdam
1441 3527 1583 3597 italicae

352 3635 542 3722 dioecesis
568 3637 603 3703 in
630 3637 750 3706 lucem
776 3636 883 3722 edita,
908 3641 1051 3721 septem
1077 3640 1142 3704 aut
1164 3640 1248 3703 octo
1265 3635 1329 3703 vix
1346 3653 1469 3703 annes
1484 3640 1581 3718 nata,

351 3743 462 3811 natali
489 3743 569 3811 solo
594 3745 804 3813 abscedens
835 3763 912 3812 una
943 3762 1032 3813 cum
1056 3743 1187 3829 amita,
1219 3742 1278 3812 cui
1302 3759 1442 3810 nomen
1480 3743 1580 3811 Rosa

352 3849 535 3918 civitatem
561 3852 603 3917 N.
629 3851 736 3938 petiit.
761 3851 963 3920 Thusciam
989 3849 1124 3918 deinde
1142 3848 1317 3936 prolecta,
1334 3850 1501 3936 quinque
1518 3850 1582 3933 cir,

352 3956 441 4023 citer
464 3975 585 4024 annos
608 3959 710 4044 apud
736 3960 857 4028 virum
884 3959 1093 4045 praedictae
1110 3974 1204 4028 suae
1220 3957 1355 4027 amitae
1371 3955 1457 4025 alibi
1472 3955 1583 4044 degit

352 4082 516 4150 quocum
542 4063 589 4133 ad
614 4065 773 4135 eandem
792 4068 926 4136 urbem
951 4085 1125 4151 reversa,
1150 4066 1296 4153 sibique
1331 4063 1584 4150 praemortuis

353 4170 458 4256 prius
478 4171 597 4255 unice,
614 4190 726 4258 quem
745 4173 917 4259 habebat,
933 4172 1056 4258 fratre,
1074 4173 1209 4242 deinde
1225 4177 1345 4241 matre
1361 4189 1406 4241 ac
1429 4168 1582 4239 tandem

354 4282 467 4363 patre,
485 4277 619 4347 ibidem
639 4281 763 4367 paullo
780 4288 864 4368 post
887 4286 1002 4369 nupta
1018 4280 1085 4350 fuit
1108 4281 1257 4350 cuidam
1283 4279 1518 4365 Sempronio.
1541 4280 1587 4347 Et

355 4390 433 4452 tum
460 4391 627 4473 tempore
651 4407 726 4476 quo
752 4390 807 4456 vir
830 4391 911 4458 eius
936 4390 1104 4474 vivebat,
1128 4396 1208 4458 tum
1233 4394 1385 4474 postea,
1409 4386 1459 4456 ab
1482 4406 1586 4457 anno

345 4502 490 4571 ‘Scilicet
514 4506 610 4584 1859,
635 4518 711 4585 quo
734 4516 779 4565 eo
804 4498 870 4567 luit
892 4518 916 4568 a
946 4503 1065 4566 morte
1091 4497 1392 4583 videamusque
1415 4496 1587 4581 adprae

354 4632 453 4693 sena,
483 4628 615 4680 verum
641 4629 685 4678 ac
715 4608 813 4678 reale
842 4604 1069 4675 domicilium
1097 4611 1136 4674 ut
1159 4604 1254 4673 dicta
1280 4603 1424 4671 civitate
1448 4602 1491 4668 N.
1516 4621 1588 4688 per
