3509 5317
1763 501 2120 560 ...258-

711 637 857 706 sub
905 637 1219 724 duplicis
1269 639 1659 708 iuramenti
1709 640 2006 709 vinculo
2056 644 2364 709 testatur
2413 638 2771 724 Lucilius,
2824 640 3029 708 testis
3073 640 3158 708 ad

712 747 1268 814 matrimonium
1320 746 1714 816 adhibitus.
1796 748 2107 834 Deponit
2151 747 2371 827 enim,
2422 746 2676 816 Gaiam
2729 746 2855 813 vix
2904 745 3002 814 ab
3048 748 3165 815 Ec·

709 852 932 922 clesia
982 873 1040 922 s.
1076 854 1446 922 Francisci
1497 872 1927 942 egressam,
1979 860 2316 941 tempore
2364 873 2515 922 non
2566 862 2958 939 suspect0‚
3009 861 3168 942 post

712 960 1154 1027 matrimonii
1234 960 1814 1030 celebrationem
1891 963 1985 1030 ita
2064 961 2201 1029 sibi
2287 966 2610 1029 mentem
2692 958 3164 1047 patefecisse:

714 1087 751 1127 «
783 1066 916 1134 Nel
968 1068 1176 1135 venir
1227 1069 1341 1135 via
1393 1067 1490 1153 (di
1540 1068 1828 1157 Chiesa)
1881 1068 1947 1136 io
2010 1087 2051 1136 e
2115 1068 2285 1137 Caia
2357 1066 2800 1153 parlavamo
2863 1067 3164 1136 insieme

714 1193 751 1235 «
785 1173 903 1240 sul
956 1175 1448 1262 matrimoniO,
1499 1175 1590 1245 ed
1640 1195 1811 1245 essa
1862 1178 1963 1244 mi
1995 1176 2275 1262 diceva‚
2310 1179 2451 1245 che
2483 1181 2981 1265 quantunque
3011 1195 3169 1264 que-

714 1299 751 1341 «
784 1284 900 1347 sto
930 1278 1145 1368 fosse
1193 1286 1394 1351 stato
1458 1303 1559 1351 {m
1621 1268 2037 1375 imbroylio,
2089 1303 2284 1372 pure
2344 1282 2411 1354 si
2470 1283 2782 1353 sarebbe
2843 1283 3164 1354 picenum

714 1409 750 1449 «
784 1387 1061 1472 validO,
1113 1389 1388 1475 perche
1433 1389 1753 1460 avrebbe
1787 1392 2000 1480 fatto
2047 1391 2354 1461 credere
2399 1411 2626 1461 avere
2676 1391 2887 1461 lassa
2943 1391 2995 1459 ii
3037 1411 3165 1461 suo

714 1516 750 1559 ‹<
782 1495 1146 1565 domicilio
1181 1521 1216 1561 >›
1280 1499 1552 1582 (Actor.
1619 1499 1738 1573 fol.
1794 1500 1931 1586 32).
1997 1501 2225 1570 Cuius
2276 1501 2650 1570 sermonis
2704 1501 3161 1570 mentionem

708 1600 877 1670 facit
924 1609 994 1671 et
1043 1604 1200 1690 ipse
1245 1605 1478 1675 Titius
1527 1607 1720 1690 (ibid.
1773 1607 1890 1676 fol.
1929 1612 2040 1678 21.
2091 1611 2177 1678 R.
2227 1607 2323 1677 ad
2373 1606 2506 1692 13).

845 1711 1077 1779 Porro
1127 1731 1277 1779 non
1329 1715 1544 1799 pauci
1595 1718 1741 1784 DD.
1791 1735 1967 1784 cum
2018 1716 2385 1786 Leurenio
2441 1715 2641 1797 (For.
2696 1713 2883 1783 Ecel.
2935 1714 3054 1783 lib.
3102 1717 3165 1782 4.

710 1822 997 1904 quaest.
1032 1818 1153 1903 90)
1199 1827 1453 1890 contra
1503 1822 1841 1892 Sanchez
1889 1829 2142 1892 tenent
2186 1822 2390 1910 quod
2442 1822 2504 1889 is
2557 1821 2779 1890 etiam
2815 1822 2945 1907 qui
2962 1819 3167 1908 falso

710 1925 1086 1994 existimat
1130 1927 1450 1996 subesse
1499 1929 2116 2016 impedimentum
2170 1929 2551 2014 dirimenS,
2602 1930 3024 1998 consentire
3061 1950 3168 1999 va-

711 2032 850 2100 lide
899 2052 1049 2101 non
1100 2035 1334 2120 possit
1378 2035 1450 2102 in
1503 2036 2085 2124 matrimonium,
2136 2037 2308 2123 quia
2346 2035 2764 2104 absurdum
2801 2046 2918 2104 est
2948 2055 3167 2122 posse

708 2158 1164 2209 consensum
1219 2144 1576 2228 praestari
1612 2144 1706 2212 ad
1745 2143 1813 2211 id
1849 2144 2050 2231 quod
2085 2143 2226 2211 sibi
2256 2147 2370 2212 est
2414 2141 2897 2229 impossibile,
2932 2148 3166 2212 stante

710 2248 1218 2333 impedimenti
1267 2251 1738 2335 conscientia,
1776 2251 1939 2320 licet
1970 2269 2307 2320 erronea.
2356 2252 2554 2338 Ergo
2589 2271 2630 2319 a
2666 2248 2943 2319 fortiori
2979 2254 3168 2321 serio

710 2362 1091 2440 praestare
1140 2375 1289 2424 non
1340 2362 1582 2443 potest
1616 2376 1881 2426 verum
1917 2375 2374 2426 consensum
2414 2359 2474 2425 is
2507 2358 2632 2443 qui
2667 2356 3166 2443 impedimenti

709 2465 1119 2535 dirimentis
1169 2465 1459 2535 realiter
1507 2469 1829 2536 extantis
1876 2467 2229 2537 conscius
2275 2478 2406 2550 est,
2457 2458 2610 2551 quo
2657 2465 2727 2533 in
2778 2484 2965 2534 casu
3002 2466 3164 2535 Caia

710 2571 939 2643 fuisse
987 2573 1295 2642 videtur.
1781 2657 1784 2661 ,

844 2679 950 2747 18.
1000 2679 1343 2749 Ceterum
1395 2687 1465 2749 et
1511 2683 1669 2768 ipse
1718 2700 2053 2769 sponsus
2099 2703 2189 2752 ac
2238 2688 2461 2751 testes
2509 2681 2654 2750 sub
2687 2679 2955 2748 eadem
2989 2680 3168 2748 iura-

710 2793 934 2856 menti
986 2788 1339 2877 religione
1385 2789 1790 2877 deponunt,
1828 2790 2108 2858 nedum
2142 2808 2292 2865 non
2325 2786 2701 2857 audivisse
2735 2783 2967 2853 uerba
3004 2785 3161 2870 ulla,

710 2894 842 2963 sed
893 2913 1026 2962 nee
1055 2893 1267 2983 signa
1301 2895 1547 2983 aliqua
1583 2900 1898 2964 externa
1928 2914 2352 2965 consensus
2387 2913 2485 2963 ex
2520 2900 2727 2981 parte
2760 2892 2980 2962 Caiae
3007 2911 3167 2981 per·

708 3002 1005 3090 cepisse.
1056 3003 1287 3072 Titius
1319 3003 1518 3072 enim
1555 3009 1906 3090 testatur:
1958 3023 1994 3065 (ι
2029 3002 2105 3070 Io
2141 3003 2408 3089 risposi
2451 3000 3163 3070 affermativamente

713 3130 750 3171 «
783 3108 1145 3197 (parocho
1190 3108 1693 3197 interroyantz'
1734 3109 1826 3178 de
1873 3110 2284 3194 consensu).
2351 3110 2460 3177 Fu
2521 3106 2699 3178 satta
2761 3107 3005 3175 simile
3050 3106 3167 3175 do-

714 3238 749 3278 ‹<
787 3217 1067 3285 manda
1111 3236 1155 3285 a
1204 3215 1395 3302 Caia,
1444 3235 1566 3286 ma
1617 3217 1686 3284 io
1735 3235 1889 3285 non
1938 3216 2084 3284 udii
2134 3217 2275 3285 che
2322 3214 2459 3284 ella
2527 3212 3009 3300 rispondesse
3077 3213 3166 3281 al-

714 3347 749 3387 ‹<
783 3344 976 3395 cuna
1026 3325 1304 3411 parola.
1355 3326 1586 3394 Forse
1632 3324 1814 3394 avra
1863 3324 2160 3393 chinato
2195 3325 2239 3391 il
2273 3343 2506 3411 capo:
2559 3341 2679 3392 ma
2734 3323 2801 3389 io
2835 3339 2989 3389 non
3027 3321 3161 3388 vidi

714 3432 1229 3515 «fnotandum
1297 3431 1414 3500 hic
1481 3430 1932 3501 sinceritatis
2002 3428 2402 3516 indicium).
2475 3429 2526 3497 ll
2598 3446 2916 3516 parroco
2989 3427 3162 3514 pero

713 3563 749 3604 «
784 3560 1005 3611 senza
1059 3543 1372 3629 ripetere
1420 3541 1485 3610 la
1521 3539 1923 3626 domanda,
1958 3539 2248 3627 seguito
2283 3538 2347 3606 la
2382 3537 2787 3605 cerimonia
2822 3556 2858 3598 »
2898 3536 3159 3621 (Actor.

706 3648 826 3717 fol.
858 3651 968 3717 21.
1020 3651 1106 3719 R.
1154 3649 1251 3717 ad
1303 3648 1433 3732 12).
1506 3648 1593 3716 Et
1639 3652 1876 3715 tractu
1923 3645 2283 3749 temporis
2331 3662 2560 3730 saepe
2607 3662 2649 3711 a
2683 3642 2852 3711 Caia
2889 3641 3160 3709 dictum

707 3753 957 3840 fuisse,
1007 3776 1090 3825 se
1138 3773 1528 3843 nunquam
1581 3753 2026 3823 affirmative
2076 3751 2557 3839 respondisse
2592 3749 2924 3837 parocho
2959 3749 3161 3816 inter-

711 3865 994 3951 roganti
1042 3865 1238 3932 idem
1289 3863 1521 3931 Titius
1567 3865 1877 3930 testatur
1925 3861 2169 3946 (ibid).
2219 3899 2263 3907 —
2311 3857 2695 3928 praefatus
2741 3864 2997 3925 autem
3064 3855 3163 3922 Li-

709 3972 920 4040 cilius
966 3970 1276 4039 firmiter
1321 3969 1641 4056 deponit,
1691 3987 1778 4037 se
1825 3967 2252 4037 nullatenus
2302 3963 2726 4052 percepisse
2771 3979 2917 4029 nec
2962 3959 3156 4048 quod

708 4079 1089 4166 parochus
1137 4082 1613 4164 percontatus
1660 4073 1879 4145 fuerit
1923 4092 2252 4161 sponsos
2319 4072 2413 4141 de
2476 4074 2738 4138 mutuo
2786 4085 3159 4136 consensu

708 4185 1202 4273 praestandO,
1251 4202 1391 4252 nec
1450 4184 1651 4270 quod
1716 4183 1789 4250 hi
1859 4181 2083 4250 talem
2153 4196 2615 4249 consensum
2673 4173 3161 4263 praestiterint

709 4291 873 4378 (Cfr.
910 4297 1154 4362 Actor.
1188 4291 1306 4361 fol.
1338 4295 1447 4360 31.
1490 4295 1576 4361 R.
1610 4292 1704 4360 ad
1738 4293 1802 4359 6.
1836 4290 1999 4358 coll.
2056 4306 2228 4356 cum
2282 4289 2368 4354 R.
2393 4282 2498 4369 ,ad
2530 4286 2595 4351 2.
2641 4281 2785 4351 foll.
2819 4280 3083 4363 29-30).
3119 4314 3156 4325 -

708 4400 1050 4469 Similiter
1096 4408 1167 4468 et
1211 4399 1404 4468 alius
1452 4399 1653 4468 testis
1703 4396 2135 4483 Propertius
2197 4393 2380 4462 levir
2428 4392 2684 4476 Caiae,
2731 4390 2861 4476 qui
2910 4389 2981 4456 in
3038 4387 3159 4453 Ec-

707 4508 928 4577 clesia
981 4507 1394 4577 voluntarie
1440 4508 1698 4576 aderat·
1743 4503 1925 4572 dum
1995 4500 2555 4572 matrimonium
2627 4496 3155 4576 celebrabatur,

706 4615 1052 4701 declarat,
1102 4633 1186 4683 se
1232 4632 1381 4682 non
1432 4613 1837 4683 attendisse
1876 4610 1972 4680 ad
2023 4608 2669 4697 interrogationes,
2720 4623 2862 4674 nec
2921 4619 3159 4692 perce-
