3509 5317
1365 492 1721 552 ..457-

304 630 651 701 instructi
700 632 845 700 sint
874 636 1007 701 aut
1036 650 1204 701 aese
1238 633 1542 716 possint.
1589 632 1706 701 Ab
1754 632 1893 702 illis
1928 651 2107 702 vero
2145 633 2272 720 qui
2308 652 2406 703 ex
2453 634 2768 703 aliorum

303 738 668 808 relatione
737 738 1154 825 deponunt,
1205 743 1340 809 erit
1402 760 1706 829 quoque
1776 743 2334 828 inquirendum,
2394 762 2435 812 a
2499 742 2772 830 quibus

304 845 498 914 tales
547 847 929 917 hauserint
974 849 1287 932 notitiaS,
1322 869 1360 918 a
1399 868 1551 936 quo
1598 855 1935 937 tempore
1985 847 2179 920 fama
2223 850 2316 918 de
2347 855 2589 919 morte
2624 850 2776 919 vul-

303 952 472 1039 gari
519 956 864 1042 coeperit,
913 960 987 1025 et
1030 955 1206 1043 quid
1258 956 1391 1044 ipsi
1442 957 1764 1026 sentiant
1809 956 1902 1025 de
1950 956 2315 1044 probitate
2361 964 2433 1027 et
2475 956 2776 1027 credibi-

307 1063 507 1134 litate
559 1080 823 1133 eorum
873 1063 997 1150 qui
1049 1064 1390 1150 primitus
1450 1065 1544 1133 de
1593 1084 1673 1134 re
1720 1066 1856 1135 ista
1916 1069 2096 1134 sunt
2156 1064 2472 1152 loquuti,
2525 1071 2772 1134 utrum

306 1174 423 1242 isti
479 1168 930 1258 peculiarem
999 1169 1327 1257 aliquam
1403 1173 1767 1242 rationem
1841 1170 2235 1241 habuerint
2301 1178 2432 1242 aut
2500 1173 2776 1242 habere

310 1278 688 1367 potuerint
736 1283 813 1346 ut
857 1277 1079 1349 talem
1129 1279 1455 1349 notitiam
1508 1280 1967 1368 evulgarent.
2020 1279 2151 1349 His
2198 1280 2508 1368 cognitis
2557 1280 2628 1347 in
2677 1281 2772 1348 iu-

309 1387 592 1456 dicium
641 1386 955 1455 vocandi
1004 1401 1224 1458 erunt
1266 1392 1492 1457 testes
1562 1388 1871 1472 inducti,
1921 1394 1992 1457 et
2038 1388 2306 1457 eodem
2369 1386 2594 1457 modo
2657 1407 2776 1456 ex.n

309 1496 543 1564 amini
613 1494 1085 1573 subiiciendi,
1140 1499 1217 1563 ut
1263 1495 1563 1564 tandem
1627 1496 2030 1583 aliquando
2089 1497 2203 1564 vel
2262 1497 2354 1567 ad
2406 1504 2636 1566 testes
2684 1497 2776 1566 de

312 1602 501 1686 visu,
540 1603 654 1672 vel
691 1605 784 1673 ad
818 1613 1014 1673 certa
1065 1603 1513 1673 documenta
1548 1603 1942 1673 obtinenda
1980 1606 2475 1691 perveniatur.
2529 1606 2776 1673 Animi*

309 1709 653 1778 advertat
719 1709 976 1794 iudex,
1027 1728 1120 1778 ne
1179 1709 1515 1781 admittat
1582 1730 1716 1780 eos
1782 1711 1907 1799 qui
1969 1716 2237 1798 sponte
2283 1711 2385 1781 ad
2454 1730 2772 1781 examen

310 1818 805 1904 accesserint,
856 1818 1027 1906 quia
1078 1818 1484 1887 mendaces
1544 1824 2167 1905 praesumuntur;
2225 1823 2298 1887 et
2341 1818 2402 1888 si
2456 1818 2776 1905 requisiti

310 1923 615 2009 fuerint,
664 1933 980 2012 quaerat
1037 1926 1134 1994 ab
1190 1926 1327 2009 eis,
1378 1945 1419 1995 a
1469 1926 1959 2013 quibusnam,
2011 1926 2168 2011 ubi,
2220 1926 2554 2013 quandO,
2607 1945 2780 2012 quo-

312 2034 568 2117 m0d0,
618 2051 871 2102 coram
922 2033 1233 2121 quibus,
1284 2037 1356 2103 et
1401 2034 1690 2120 quoties
1741 2032 2011 2102 fuerint
2081 2034 2448 2122 requisiti3
2525 2039 2776 2102 utrum

312 2160 455 2228 pro
503 2142 647 2210 boc
693 2142 1110 2210 testimonio
1157 2139 1464 2211 ferendo
1495 2140 1712 2210 fuerit
1740 2141 1923 2228 ipsis
1969 2141 2240 2229 aliquid
2293 2141 2577 2227 datum,
2622 2160 2784 2228 prn-

314 2250 661 2333 missum,
713 2250 1136 2330 remissurn,
1190 2248 1306 2320 vel
1353 2249 1684 2320 oblatum
1736 2269 1780 2319 a
1832 2250 2174 2337 personis
2240 2251 2599 2320 interesse
2662 2251 2780 2318 ha-

314 2356 708 2442 bentibus,
761 2357 873 2426 vel
922 2357 1020 2426 ab
1065 2357 1226 2426 aliis
1295 2376 1558 2427 eorum
1611 2358 1933 2426 nomine.
2006 2356 2351 2426 Similiter
2418 2356 2772 2438 advertat,

317 2485 472 2535 non
522 2483 692 2534 esse
738 2464 1236 2534 admittendos
1285 2470 1507 2534 testes
1557 2467 1683 2553 qui
1734 2484 2121 2553 personas,
2170 2465 2263 2535 de
2310 2464 2585 2552 quibus
2642 2466 2784 2554 agi*

316 2577 459 2660 tur,
511 2571 728 2659 plene
776 2590 921 2639 non
974 2579 1463 2660 cognoscant3
1514 2582 1586 2641 et
1614 2578 2162 2660 consequenter
2192 2577 2596 2644 extraneos
2629 2591 2776 2640 non

318 2700 491 2752 esse
539 2685 763 2750 testes
809 2679 1138 2763 idoneos,
1190 2680 1326 2748 nisi
1375 2699 1414 2749 a
1470 2680 1690 2767 longo
1741 2686 2077 2767 tempore
2142 2680 2212 2747 in
2265 2680 2426 2748 loco
2494 2678 2780 2750 fuerint„

319 2794 452 2858 aut
499 2807 597 2858 ex
644 2787 1144 2874 peculiaribus
1198 2787 1769 2857 circumstantiis
1832 2794 2189 2873 appareat
2257 2805 2388 2855 eos
2444 2786 2784 2875 cognititi-

319 2914 498 2966 nem
548 2896 825 2966 habere
874 2896 1202 2981 potuisse
1248 2893 1342 2962 de
1391 2896 1476 2962 iis
1523 2913 1717 2981 quae
1766 2900 2135 2964 enarrant.
2187 2894 2399 2975 Quod
2448 2894 2508 2963 si
2559 2899 2784 2963 testes

321 3004 483 3072 sive
516 3004 610 3072 de
662 3004 845 3087 visu,
895 3003 1053 3071 sive
1101 3003 1195 3071 de
1241 3002 1496 3072 auditu
1549 3002 1803 3070 baberi
1856 3020 2003 3070 non
2054 3007 2419 3089 poterunt,
2454 3001 2784 3070 conside-

322 3111 607 3180 randae
655 3117 875 3181 erunt
918 3109 1517 3179 circumstantiae
1564 3127 1832 3179 omnes
1882 3109 1950 3177 in
1999 3108 2192 3180 facto
2231 3114 2780 3186 concurrentes,

323 3225 396 3289 et
440 3218 822 3306 diligenter
869 3217 1422 3305 ponderandae,
1478 3223 1556 3285 ut
1606 3216 1985 3303 videatur,
2040 3225 2293 3286 utrum
2341 3237 2439 3287 ex
2487 3217 2780 3287 illarum

321 3326 728 3414 complexu
776 3344 1147 3411 exurgere
1198 3325 1430 3410 possit
1481 3325 1785 3393 moralis
1833 3322 1950 3393 illa
2003 3325 2363 3394 certitudo
2413 3343 2609 3412 quae
2667 3344 2784 3394 ne—

326 3435 647 3504 coesaria
698 3439 810 3503 est
855 3438 936 3501 ut
983 3432 1330 3501 iudicium
1383 3430 1820 3517 proferatur.
1899 3433 2125 3500 Porro
2183 3431 2784 3502 circumstantiae

325 3546 506 3615 istae
538 3545 985 3632 praecipuae
1015 3549 1222 3612 sunt:
1272 3547 1478 3612 aetas
1510 3559 1882 3629 personae
1914 3558 2110 3628 quae
2161 3549 2450 3613 mortua
2503 3543 2784 3618 diciturm

329 3662 581 3723 utrum
629 3651 897 3735 senior,
946 3667 1041 3719 an
1091 3650 1332 3718 iunior
1375 3647 1620 3736 fuerit;
1670 3654 1970 3735 tempus
2018 3648 2355 3717 eiusdem
2406 3650 2784 3719 discessui?

328 3780 368 3830 a
423 3759 652 3847 patria
704 3768 775 3826 et
820 3757 1137 3844 familia,
1191 3762 1439 3826 utrum
1513 3755 1812 3847 longius
1865 3774 1964 3825 an
2014 3756 2360 3842 brevius;
2412 3756 2622 3827 locus
2672 3762 2784 3826 vel

332 3867 512 3955 loca,
540 3866 635 3936 ad
668 3885 862 3953 quae
886 3885 970 3935 se
994 3866 1398 3949 contulerit,
1430 3873 1675 3935 utrum
1714 3864 2114 3934 valetudini
2141 3865 2503 3952 corporali
2542 3866 2784 3938 noxia,

331 3994 423 4043 an
474 3982 541 4043 et
588 3974 864 4067 quibus
914 3973 1540 4043 vicissitudinibus
1572 3972 1904 4042 subiecta
1952 3971 2241 4054 fuerint,
2292 3991 2409 4041 ex.
2443 3991 2552 4060 gr.
2606 3991 2784 4041 nuni

330 4082 598 4152 ibidem
650 4081 861 4165 bella,
911 4081 1025 4148 vel
1077 4082 1528 4167 pestilentiae
1560 4081 1997 4168 saevierint;
2047 4081 2385 4151 eiusdem
2420 4098 2786 4168 personae

331 4190 639 4279 physica
688 4190 1151 4275 constitutiO,
1205 4195 1454 4257 utrum
1503 4207 1689 4259 sana
1739 4195 1811 4257 et
1861 4189 2208 4274 robusta,
2258 4207 2355 4258 an
2405 4187 2666 4257 debilis
2724 4198 2788 4254 ei.

334 4296 647 4367 infirma.
697 4297 848 4365 Erit
878 4295 1207 4365 similiter
1243 4296 1773 4383 perpendenda
1827 4313 2098 4365 caussa
2149 4314 2383 4382 quare
2417 4315 2459 4365 e
2491 4298 2784 4382 propria

329 4404 754 4475 discesserit
798 4404 1047 4489 dom0,
1086 4411 1335 4473 utrum
1385 4422 1658 4490 nempe
1691 4405 1787 4473 ad
1824 4405 2202 4494 negotium
2246 4403 2365 4472 vel
2412 4405 2506 4474 ad
2557 4409 2788 4473 artem

329 4512 658 4600 aliquam
707 4510 1231 4595 exercendam,
1265 4529 1359 4580 an
1405 4511 1649 4598 potius
1688 4516 1766 4580 ut
1796 4512 2195 4600 coniugem
2230 4511 2792 4599 derelinqueret.

333 4620 540 4690 Haec
583 4619 935 4707 cognosci
984 4616 1413 4689 vel-deduci
1468 4622 1814 4704 poterunt
1862 4637 1959 4687 ex
2009 4619 2409 4708 benevoliS,
2458 4626 2587 4690 aut
2632 4636 2796 4687 con*
