3509 5317
1322 492 1680 552 —179-

402 629 476 717 b)
530 630 1017 719 Repelluntur
1048 631 1175 719 qui
1210 629 1396 698 dum
1433 629 2058 718 proclamationes
2106 627 2385 714 flerent,
2420 629 2736 700 scientes

272 738 891 825 impedimentum
940 738 1326 823 dirimens,
1379 737 1556 806 illud
1605 755 1756 806 non
1806 733 2390 806 manifestarunt.
2439 739 2553 806 Ex
2595 738 2736 806 hoc

270 847 471 915 enim
509 845 819 932 silentiO,
851 865 988 916 seu
1021 865 1119 915 ex
1152 864 1243 915 eo
1278 846 1482 934 quod
1519 843 2181 918 manifestationem
2233 846 2732 933 impedimenti

270 952 690 1023 distulerint
718 953 814 1022 ad
849 964 1151 1040 ternpus
1199 953 1650 1022 matrimonii
1699 953 1850 1023 iam
1897 954 2270 1038 contracti,
2305 953 2732 1040 coniugium

270 1061 737 1131 calumniose
805 1079 1165 1130 accusare
1233 1066 1865 1147 praesumuntur3
1929 1061 2068 1128 nisi
2127 1067 2380 1131 tamen
2451 1060 2566 1131 vel
2639 1060 2736 1130 oli

270 1167 804 1256 ignorantiam,
855 1168 971 1238 vel
1036 1168 1133 1237 ob
1182 1168 1409 1238 aliam
1459 1168 1735 1237 iustam
1786 1168 2330 1256 probatamque
2398 1187 2732 1252 causam,

270 1274 478 1344 iuxta
528 1273 1074 1344 distinctionem
1108 1281 1182 1345 et
1213 1293 1463 1360 casua,
1498 1293 1693 1361 quos
1725 1282 2099 1344 memorat
2131 1274 2607 1346 Innocentius
2641 1276 2728 1344 Ill

270 1384 339 1450 in
388 1384 533 1453 alia
586 1382 931 1453 decretali
982 1403 1178 1471 quae
1227 1382 1473 1471 incipit
1530 1380 1711 1450 Cum
1760 1379 1833 1449 in
1886 1384 2018 1450 tua
2053 1380 2109 1468 ¹,
2159 1400 2559 1470 quousque
2592 1383 2736 1452 Pir-

270 1489 452 1578 hing
485 1488 511 1526 ²
559 1491 827 1579 aliique
875 1495 1325 1561 enumerant
1369 1495 1593 1578 atque
1640 1491 2097 1575 expendunt.

401 1598 469 1685 c)
525 1598 927 1686 Repellitur
975 1599 1263 1685 mulier,
1315 1618 1511 1687 quae
1559 1598 2020 1687 gravimetu
2070 1597 2370 1686 quidem
2408 1599 2505 1668 ab
2537 1599 2732 1668 initio

271 1705 494 1775 invita
545 1707 931 1790 contraxit,
980 1707 1114 1776 sed
1165 1711 1419 1793 postea
1473 1705 1854 1775 carnalem
1903 1704 2254 1792 copulam
2303 1710 2569 1792 sponte
2615 1708 2736 1775 ad-

268 1810 488 1897 misit,
542 1822 624 1884 ut
670 1814 1045 1900 rescripsit
1093 1812 1440 1884 Clemens
1490 1810 1665 1896 111⁸,
1715 1817 1787 1882 et
1833 1819 1914 1882 ut
1959 1831 2189 1898 supra
2239 1811 2593 1881 diximus.

401 1920 479 2007 d)
532 1920 997 2009 Regulariter
1046 1940 1195 1990 non
1249 1921 1778 2006 admittuntur,
1827 1919 1990 1988 sine
2036 1918 2199 1988 aliis
2244 1918 2736 2000 adminiculis,

270 2026 394 2112 qui
445 2026 937 2114 personaliter
986 2026 1350 2097 absentes
1413 2044 1545 2112 per
1608 2026 1857 2094 literas
1905 2024 2462 2094 matrimonium
2527 2043 2736 2094 accu-

269 2138 480 2220 sant3
532 2140 604 2203 et
652 2134 832 2203 ratio
881 2139 1027 2221 est,
1077 2140 1157 2204 ut
1220 2132 1508 2204 facilius
1554 2131 2060 2203 calumniandi
2118 2133 2562 2204 excludatur
2622 2153 2732 2202 oc-

271 2240 497 2326 casi0,
547 2243 896 2328 quamvis
943 2242 1314 2311 eiusmodi
1361 2241 1738 2310 accusatio
1788 2257 1878 2308 ac
1924 2237 2334 2309 testificatio
2404 2239 2728 2328 aliquam

268 2347 513 2434 pariat
555 2349 1245 2436 praesumptionem
1282 2346 1328 2416 ⁴.

402 2452 468 2539 e)
520 2455 881 2536 Quamvis
942 2453 1378 2524 admittatur
1440 2456 1843 2524 aecusator
1890 2452 1983 2521 de
2030 2453 2329 2539 auditu,
2381 2453 2544 2522 licet
2611 2473 2735 2524 au-

272 2564 447 2648 ctor,
486 2580 531 2630 a
566 2579 717 2647 quo
750 2560 1371 2648 impedimentum
1425 2561 1698 2630 adesse
1730 2559 2029 2645 audivit,
2063 2560 2339 2629 admitti
2374 2568 2732 2649 nequeat:

273 2667 652 2755 repellitur
698 2673 948 2737 tamen
1000 2666 1206 2737 testis
1255 2668 1348 2736 de
1394 2667 1671 2753 auditu,
1721 2667 1783 2735 si
1833 2667 1917 2750 is,
1966 2686 2009 2736 a
2059 2685 2209 2754 quo
2243 2668 2522 2737 audivit
2556 2669 2728 2738 etin

273 2774 490 2845 cuius
538 2775 957 2844 testimonio
1006 2794 1090 2844 se
1158 2773 1454 2861 fundat,
1504 2780 1863 2861 tanquam
1920 2771 2267 2841 inhabilis
2337 2774 2732 2861 repellatur

274 2881 365 2950 ad
413 2881 784 2951 eiusmodi
835 2880 1225 2952 ferendum
1277 2881 1811 2952 testimonium.
1860 2880 2074 2950 Ratio
2121 2881 2568 2969 disparitatis
2600 2888 2732 2964 est,

275 2991 442 3076 quia
494 2995 887 3060 accusator
933 3008 1081 3058 non
1133 2990 1207 3058 in
1260 2989 1464 3059 nuda
1513 2989 1986 3059 accusatione
2033 3007 2254 3058 suam
2321 2986 2586 3060 fundat
2636 2990 2736 3057 in-

275 3098 699 3183 tentionem,
750 3096 883 3165 sed
931 3096 1004 3165 in
1057 3096 1220 3167 aliis
1272 3095 1838 3184 probationibus
1872 3093 1915 3161 ⁵.

409 3416 428 3452 ¹
477 3414 625 3493 Gap.
673 3432 824 3473 cum
875 3416 949 3473 z'n
993 3423 1108 3472 tua
1152 3415 1432 3474 dioecesi
1473 3414 1536 3473 6.
1585 3423 1648 3473 ec
1688 3416 1838 3483 ult„
1895 3421 2012 3493 qui
2068 3421 2357 3479 matrim.
2425 3436 2736 3478 accusara-

268 3522 552 3589 possunt
587 3519 706 3574 etc.
2296 3530 2302 3536 ·

404 3609 433 3648 ²
473 3611 744 3688 Pirhing
790 3612 901 3670 lib.
949 3610 1012 3670 4.
1064 3613 1158 3671 tit.
1215 3612 1322 3672 18.
1371 3631 1492 3671 nn.
1542 3613 1780 3674 6-7-8.

404 3709 432 3746 ⁸
476 3709 622 3789 Gap.
674 3711 950 3785 insuper
994 3708 1063 3778 4,
1104 3711 1242 3770 eod.
1292 3713 1388 3768 tic.
1429 3711 1549 3771 Sed
1590 3712 1730 3771 vide
1760 3713 2027 3790 Pirhing
2071 3712 2226 3772 ibid.
2264 3730 2385 3771 nn.
2427 3708 2667 3769 14-15.

405 3806 432 3844 ⁴
476 3806 622 3885 Gap.
672 3827 713 3865 a
757 3808 940 3866 nobis
987 3806 1056 3876 2,
1098 3808 1247 3867 eod.'
1286 3810 1382 3868 tit.
1426 3842 1471 3854 -
1509 3808 1665 3869 Vide
1708 3810 1979 3888 Pirhing
2022 3810 2177 3870 ibid.
2224 3827 2294 3869 n.
2349 3809 2457 3870 11.

408 3905 435 3943 ⁶
476 3906 577 3966 Ita
638 3905 908 3984 Pirhing
979 3906 1095 3965 loc.
1144 3908 1253 3965 cit.
1304 3925 1375 3965 n.
1425 3907 1491 3967 8.
1540 3915 1673 3968 not.
1723 3908 1788 3969 6.
1833 3926 1914 3968 ex
1975 3926 2110 3986 cap.
2160 3908 2310 3967 licet
2364 3905 2479 3966 47.
2524 3907 2604 3965 de
2653 3913 2732 3963 tf·-

277 4004 417 4064 stib.
468 4011 533 4062 et
569 4011 851 4064 attestat.
