3509 5317
1341 523 1697 583 -355—

290 677 329 718 «
365 677 556 728 sane
588 660 1019 748 perspectis,
1054 661 1399 731 Vicarius
1431 660 1804 750 generalis
1845 660 2220 732 definitive
2252 663 2549 732 tandem
2597 684 2693 748 μνι
2717 688 2753 720 ιμ

288 785 327 826 «ε
361 766 763 852 nunciavit,
824 767 1115 836 nullum
1175 768 1361 838 inter
1421 770 1810 838 Rocchum
1875 774 1948 839 et
1999 768 2397 839 Cesaream
2457 770 2753 836 inim-e-

287 891 326 932 «
362 870 549 942 dere
596 872 1213 960 impedimentum
1246 879 1527 962 raptuS,
1578 895 1730 964 quo
1772 875 2333 946 matrimonium
2376 876 2745 961 proliilwii

286 978 554 1049 «inter
600 999 732 1050 eos
782 981 1042 1052 valeat.
1100 983 1391 1052 Verum
1458 984 1658 1052 enim
1710 1001 1910 1068 ver0,
1959 1001 2190 1069 super
2238 984 2577 1052 censuris
2629 981 2753 1048 sul-

286 1085 685 1174 «.minatis‚
719 1087 916 1160 idem
951 1089 1299 1159 Vicarius
1330 1090 1822 1160 interlocutus
1866 1108 2016 1158 non
2050 1088 2213 1176 fuit;
2252 1091 2433 1163 ‚hinc
2485 1092 2745 1156 iteruin

286 1211 324 1253 «
360 1197 621 1261 orator
667 1195 993 1282 supplex
1042 1196 1253 1265 rediit
1300 1197 1393 1267 ad
1463 1198 1659 1266 hanc
1705 1197 1778 1266 S.
1808 1196 1902 1265 C.
1953 1215 2088 1283 pro
2136 1200 2579 1284 reportanda
2637 1200 2753 1264 iii-.-

286 1317 324 1359 «
360 1297 774 1369 claratione
820 1321 1051 1390 super
1098 1320 1360 1373 earum
1414 1304 1990 1373 insubsistentia.
2041 1305 2505 1391 Quapropter
2557 1308 2753 1372 exiii-

285 1426 324 1467 «
359 1405 518 1474 bito
564 1413 906 1477 actorum
954 1429 1357 1497 processu,
1415 1411 2037 1499 concordatisque
2082 1413 2275 1482 binis
2319 1413 2581 1492 dubiis,
2637 1436 2749 1480 sii-

284 1532 322 1574 «
357 1519 621 1599 perest
664 1516 864 1602 quod
897 1518 1038 1586 EE.
1072 1512 1233 1586 VV.
1270 1519 1645 1607 sapienter
1690 1519 2095 1588 decernere
2122 1537 2272 1587 non
2322 1532 2745 1608 graventur.

283 1640 325 1680 «
360 1619 419 1687 Ι.
470 1623 592 1687 Αη
638 1621 875 1695 obstet
901 1630 1355 1712 praetensae
1390 1630 1664 1714 raptas
1709 1625 1815 1695 ad
1859 1625 2455 1697 contrahendam
2501 1632 2753 1696 mixis-i·-

285 1749 324 1789 «
358 1727 703 1797 monium
748 1730 823 1799 in
869 1751 1073 1801 casu.
1111 1733 1191 1801 ΙΙ.
1229 1735 1348 1800 Αη
1381 1751 1745 1803 censurae
1770 1732 2335 1802 substineantur
2358 1733 2432 1802 in
2481 1756 2657 1804 rma

282 1835 358 1904 S.
416 1835 490 1904 C.
542 1838 952 1925 respondit:
1014 1840 1126 1909 Ad
1194 1840 1242 1908 Ι.
1293 1860 1441 1908 ηοη
1489 1839 1812 1911 obstare.
1877 1841 1992 1910 Ad
2043 1841 2124 1909 ΙΙ.
2174 1860 2332 1910 esse
2378 1840 2753 1910 absidi-sm-

280 1941 476 2010 dum
528 1943 632 2012 ad
675 1945 1067 2015 cautelam.
2330 2034 2339 2039 ,

425 2053 492 2119 8.
543 2054 903 2133 Quamvis
952 2073 1046 2122 ex
1078 2055 1530 2125 resolutione
1564 2055 1784 2142 primi
1830 2054 2032 2123 dubii
2079 2053 2255 2122 nihil
2305 2056 2533 2141 possit
2572 2060 2745 2128 nimi,

280 2159 499 2245 quod
546 2159 642 2228 ad
693 2179 854 2228 rem
909 2166 1241 2232 nostram
1310 2161 1526 2232 faciat
1583 2163 2006 2247 (constituta
2067 2162 2262 2228 enirn
2311 2158 2545 2232 fuerat
2601 2184 2753 2228 lilii*

282 2264 423 2334 lier
473 2267 675 2352 apud
711 2268 1104 2338 honestam
1144 2276 1591 2352 matronam,
1644 2276 1722 2343 ut
1768 2269 2206 2338 omnimoda
2238 2267 2561 2336 libertati·
2601 2288 2753 2352 livr-

281 2372 688 2459 frueretur,
736 2374 1056 2463 ideoque
1103 2395 1254 2446 non
1306 2378 1631 2464 amplius
1665 2377 1967 2446 obstare
2016 2380 2304 2463 poterat
2349 2380 2609 2461 raptus
2657 2376 2745 2440 mi

287 2482 863 2551 matrimonium
913 2486 1510 2556 contrabendum
1573 2485 1636 2553 si
1695 2483 2032 2553 formalis
2081 2492 2340 2570 raptus
2399 2484 2753 2551 intel-fiiis-

283 2589 477 2675 set);
532 2598 782 2658 tamen
842 2590 1116 2679 aliquid
1166 2593 1449 2661 eruitur
1510 2611 1608 2661 ex
1668 2591 2123 2661 resolutione
2168 2589 2476 2659 secundi
2529 2592 2749 2660 [tullii.

280 2698 513 2766 cuius
562 2698 915 2767 resolutio
951 2698 1323 2784 pendebat
1353 2701 1688 2786 praecise
1720 2699 1819 2767 ab
1851 2698 2095 2767 indole
2130 2703 2406 2785 raptus.
2458 2698 2753 2764 Eruitur

280 2804 587 2890 scilicet,
638 2805 711 2873 S.
762 2806 834 2874 C.
885 2825 1035 2874 non
1092 2807 1483 2876 censuisse
1544 2813 1889 2875 constare
1937 2804 2031 2874 de
2098 2811 2316 2891 raptu
2364 2804 2489 2890 qui
2541 2808 2745 2868 [auleti

281 2912 438 2981 sub
488 2911 789 2981 decreto
838 2912 1155 2983 Concilii.
1191 2914 1475 2983 Tamen
1532 2919 1610 2982 ut
1648 2912 2029 3000 quodlibet
2059 2911 2371 2980 dubium
2424 2930 2753 2977 remore-

281 3024 521 3103 retur,
556 3019 754 3088 circa
776 3022 1635 3091 excommunicationem
1675 3020 1966 3107 publice
2013 3018 2469 3089 declaratam
2521 3020 2753 3084 innur—

284 3146 486 3211 sam,
537 3126 947 3214 respondit:
995 3147 1154 3197 esse
1202 3127 1735 3197 absolvendam
1784 3126 1889 3197 ad
1933 3127 2326 3196 cautelam.

425 3236 493 3302 9.
544 3234 622 3303 In
673 3254 824 3322 qua
872 3237 1309 3322 quaestione
1360 3237 1595 3306 habes
1641 3235 2114 3322 exemplum,
2164 3254 2316 3320 quo
2363 3253 2513 3302 non
2573 3240 2753 3300 ridu-

283 3348 413 3411 tur
462 3346 724 3428 raptus
774 3342 1104 3412 mulieris
1150 3342 1526 3428 committi,
1560 3344 1620 3411 si
1657 3342 1770 3408 vir
1815 3347 1888 3410 et
1934 3341 2200 3409 mulier
2248 3340 2408 3408 sine
2455 3340 2625 3408 dolo
2661 3344 2749 3404 ml

283 3449 616 3516 invicem
681 3467 942 3519 amore
997 3450 1429 3538 capiantur,
1496 3456 1565 3519 et
1626 3449 1899 3519 exinde
1947 3446 2213 3515 mulier
2258 3448 2749 3516 consentivit-2„

282 3557 446 3624 imo
507 3561 803 3642 raptum
869 3575 1302 3648 proponens
1364 3558 1803 3639 abducatur,
1854 3574 1952 3623 ex
2008 3572 2098 3622 eo
2146 3553 2350 3640 quod
2402 3560 2749 3621 warinus-¹

283 3663 387 3732 de
438 3663 765 3731 ineundo
800 3665 1291 3750 matrimonio,
1343 3684 1445 3733 ex
1477 3663 1946 3751 oppositione
1993 3667 2384 3749 parentum
2435 3679 2581 3727 nrm
2641 3684 2757 3744 lu·-

281 3770 568 3840 tuerint
612 3769 975 3840 concludi.
1026 3773 1188 3852 Quo
1239 3772 1309 3839 in
1343 3790 1529 3842 casu
1562 3770 1874 3840 dicenda
1922 3775 2036 3838 est
2081 3768 2330 3856 potius
2377 3765 2545 3854 fuga
2605 3788 2757 3832 uiti-

285 3878 493 3946 lieris
540 3895 715 3948 cum
767 3865 945 3959 vir0‚
995 3885 1074 3948 ut
1122 3879 1350 3948 libere
1400 3879 1957 3949 matrimonium
2011 3876 2472 3962 contrahant,
2521 3896 2749 3960 [μιηῑῃ

284 3987 578 4071 raptus.

427 4093 535 4159 10.
587 4090 833 4160 Altera
885 4092 1203 4160 habetur
1249 4093 1527 4162 decisio
1589 4093 1814 4161 huius
1862 4091 2157 4180 generis
2203 4091 2278 4158 in
2334 4088 2749 4157 Olonimwxsi.

284 4195 764 4265 matrimonii
804 4197 922 4267 die
966 4200 1058 4267 20
1102 4200 1397 4287 augusti
1449 4201 1625 4269 1769
1671 4196 1993 4279 definita,
2050 4201 2122 4267 et
2177 4197 2447 4265 iterum
2497 4199 2753 4260 euritii-2

271 4309 496 4373 mata
543 4303 663 4371 die
712 4304 798 4370 14
846 4304 1083 4372 martii
1138 4308 1330 4374 1772.
1384 4305 1462 4373 In
1512 4306 1653 4375 hac
1701 4325 1929 4375 causa
1980 4304 2342 4392 agebatur
2390 4302 2481 4371 de
2533 4304 2749 4368 inilliili

286 4409 539 4495 milite,
591 4409 717 4496 qui
765 4414 1134 4479 nocturno
1183 4417 1521 4498 tempore
1571 4413 1815 4499 rapuit
1860 4410 2186 4479 nobilem
2235 4410 2581 4498 puellam,
2641 4428 2761 4492 fm-

284 4517 634 4588 rentibus
666 4516 1027 4603 orbatam,
1063 4523 1135 4586 et
1163 4528 1760 4588 commorantem
1797 4518 1999 4606 apud
2034 4516 2398 4604 tutricem,
2432 4535 2753 4600 eamque

286 4623 666 4698 transtulit
710 4624 785 4690 in
832 4623 1214 4710 quoddam
1263 4625 1622 4712 oppidum
1659 4625 1861 4712 apud
1910 4644 2137 4694 suum
2188 4624 2597 4712 patruelem
2641 4628 2757 4700 iiii*
