3509 5317
231 672 263 738 t.
289 668 476 740 Secundo:
501 670 676 738 «Votum
690 668 863 738 solemne
878 668 1054 738 castitatis
1071 687 1121 737 ex
1136 667 1395 736 constitutione

167 777 353 849 Ecclesiae
377 795 487 847 sacro
510 777 635 847 Ordini
660 795 864 862 annexum,
899 776 967 844 etsi
998 793 1073 852 non
1098 774 1247 843 dirimat
1278 774 1399 842 matri·

166 885 334 953 monium
361 890 494 970 ratum,
519 884 656 952 dirimit
678 887 804 953 tamen
829 883 1178 953 contrahendum».
1460 959 1461 962 Ἴ

232 992 380 1061 Nedum
406 991 612 1079 praemissa
644 990 818 1062 Boniiacli
841 991 924 1059 VlIl
956 989 1140 1076 decretali,
1170 990 1247 1076 sed,
1279 995 1319 1059 ut
1341 1008 1397 1058 ce·

167 1106 242 1170 tera
269 1099 422 1186 mittam,
447 1099 556 1169 citato
580 1097 780 1170 Tridentini
805 1116 951 1168 canone
980 1099 1026 1168 ita
1050 1098 1098 1168 de
1123 1103 1281 1184 utreque
1311 1098 1396 1166 Voti
1506 1133 1507 1136 π
1675 1089 1710 1126 ¹

167 1207 434 1294 impedimento
456 1206 690 1275 decernitur:
725 1203 766 1273 Si
792 1202 875 1293 quis
900 1203 1066 1290 alaerit,
1099 1204 1256 1274 Clericus
1280 1205 1318 1274 in
1341 1226 1398 1275 sa·

165 1312 240 1384 cris
267 1310 468 1384 Ordinibus
491 1312 725 1398 constitutos,
754 1311 811 1381 ael
835 1311 1046 1402 Repttlares
1068 1310 1286 1382 'castitatem
1310 1312 1399 1381 sole·

165 1420 303 1490 mniter
326 1420 535 1510 professos,
561 1440 672 1509 posse
689 1418 971 1489 matrimonium
994 1422 1231 1505 contrahere,
1251 1427 1398 1490 contra·

166 1533 342 1617 clamque
367 1526 533 1598 calidum
556 1547 649 1614 erse,
677 1545 750 1596 non
775 1525 947 1597 obstante
971 1527 1047 1617 leae
1072 1528 1322 1600 ecclesiastica
1342 1529 1399 1599 ael

167 1642 252 1707 cota
267 1690 274 1704 .
289 1690 296 1705 .
312 1690 345 1722 .,
373 1637 579 1707 anathema
601 1635 649 1705 sit
674 1635 695 1703 ¹.
1296 1704 1298 1708 .

232 1747 265 1813 5.
290 1745 408 1813 Porro
432 1764 529 1831 quae
553 1745 602 1814 ad
626 1761 801 1812 normam
828 1749 996 1812 veterum
1014 1762 1206 1812 canonum
1221 1749 1400 1814 sanxerat

168 1853 342 1923 Clemens
366 1854 459 1921 Vin
484 1853 645 1922 Concilio
669 1853 873 1922 Viennensi
899 1849 910 1885 ²
935 1857 1066 1921 contra
1094 1870 1156 1920 eos
1183 1850 1249 1939 qui
1273 1848 1399 1921 diuino

170 1957 302 2028 timore
322 1957 549 2049 postposita,
576 1958 614 2029 in
638 1977 797 2027 suarum
821 1956 1031 2046 periculum
1054 1960 1273 2027 animarum
1290 1955 1400 2025 scien-

170 2073 226 2136 ter
240 2119 352 2135 .....
376 2087 460 2136 cum
484 2064 707 2136 monialibus
730 2066 954 2135 contrahere
978 2063 1306 2133 matrimonialiter
1321 2084 1396 2133 non

169 2179 365 2243 verentur:
388 2193 553 2244 necnon
584 2173 792 2263 Relipiosos
828 2180 864 2243 et
889 2171 1070 2241 Martiales
1102 2192 1149 2241 ac
1177 2170 1335 2240 Clericus
1360 2169 1399 2239 in

168 2279 288 2349 sacris
317 2279 517 2351 Ordinibus
552 2279 775 2350 constitutos
810 2278 1053 2350 matrimonia
1085 2279 1351 2348 contrahentes
1375 2274 1398 2364 ⁸,

168 2389 257 2457 Pius
282 2389 335 2457 IX
358 2389 560 2476 renovavit,
579 2389 786 2475 declarans,
803 2387 1183 2459 excommunicationi
1201 2386 1295 2455 latae
1318 2403 1399 2454 sen·

169 2496 313 2578 tentiae,
338 2496 531 2583 Episcopis
554 2496 635 2565 sive
651 2495 855 2564 Ordinariis
872 2506 1098 2577 reservatae,
1112 2492 1306 2560 subiacere
1330 2489 1401 2559 Cle·

169 2599 265 2670 ricos
289 2600 326 2670 in
351 2601 470 2671 sacris
493 2603 714 2673 constitutos
728 2601 785 2672 oet
801 2601 1011 2692 Repalures
1027 2605 1097 2669 tritt
1113 2598 1297 2667 Maniates
1311 2602 1400 2686 post

170 2716 297 2779 ootttm
321 2710 483 2780 suumne
506 2710 692 2780 castitatis
727 2707 1008 2780 matrimonium
1041 2708 1265 2778 contradere
1291 2725 1400 2795 prae·

169 2822 377 2904 stertentes·
401 2838 565 2888 necnon
589 2838 717 2888 omnes
740 2837 825 2888 cum
849 2817 980 2906 aliqua
1003 2837 1057 2887 ea
1080 2814 1287 2906 praedietis
1315 2833 1400 2904 per·

169 2923 269 3000 sonis
284 2924 569 2995 matrimonium
585 2926 808 2995 contrahere
823 2931 1109 3014 praesumentes
1123 2922 1146 2991 ⁴.
1164 2925 1280 3011 ldque
1298 2941 1400 3010 prae·

169 3037 223 3099 ter
246 3030 583 3120 irrepularitatem,
610 3052 726 3120 quam
750 3033 798 3102 ita
822 3032 1081 3119 delinquentes
1109 3032 1322 3115 incurrunt,
1347 3047 1401 3097 ra·

169 3139 268 3206 done
292 3137 477 3225 bigamiae
501 3135 827 3207 similitudinariae
852 3136 873 3225 ³,
904 3144 938 3207 et
962 3149 1110 3226 praeter
1133 3135 1400 3224 beneficiorum

169 3243 417 3313 amissionem.
447 3246 572 3316 Clerici
592 3246 745 3315 enimin
766 3248 885 3316 sacris
908 3246 1095 3315 constituti
1120 3244 1401 3313 matrimonium
1442 3285 1450 3298 i

170 3356 401 3437 attentantes,
425 3357 461 3421 et
483 3353 671 3439 simplices
686 3354 813 3424 Clerici
830 3353 918 3422 illud
936 3354 1209 3437 contrahentes
1226 3349 1403 3438 quamvis

171 3460 282 3528 etiam
314 3460 363 3528 ob
394 3459 573 3529 dirimens
605 3460 913 3549 impedimentum
946 3460 1106 3529 invalide
1136 3460 1399 3546 contraxerint,

170 3564 380 3635 dummodo
405 3576 528 3636 tamen
554 3568 770 3656 coniugium
793 3569 936 3638 irritum
963 3586 1037 3635 non
1054 3567 1163 3636 luerit
1179 3568 1228 3635 ob
1243 3585 1399 3636 consen·
1423 3599 1427 3604 ·

170 3693 238 3743 sus
262 3673 449 3743 deiectum
472 3693 522 3745 ex
546 3680 649 3763 parte
665 3676 802 3763 Clerici,
824 3675 1084 3759 ecclesiastica,
1110 3675 1141 3743 si
1165 3692 1263 3761 quae
1287 3674 1404 3760 possi·

239 3870 249 3905 ¹
272 3869 413 3929 Tridenl.
436 3886 513 3929 sess.
539 3869 593 3929 24.
620 3889 694 3930 can.
721 3867 753 3928 9.
850 3933 854 3940 ,

238 3967 251 4004 2
273 3968 336 4026 Per
358 3968 564 4044 Const‘quse
595 3967 712 4046 legitur
737 3970 768 4027 in
793 3967 950 4027 Clement.
976 3969 1078 4027 tcrlt'ca
1100 3968 1140 4024 de
1161 3965 1406 4038 consanpuini·

173 4073 236 4124 tate
258 4072 290 4122 et
309 4066 427 4138 affluit.

239 4164 251 4200 ⁸
275 4164 336 4224 cn.
362 4163 520 4222 Clement.
547 4166 652 4223 verba.
726 4238 732 4248 ¹

239 4264 251 4300 ⁴
274 4263 408 4323 Constit.
431 4261 636 4339 Apostolicae
658 4263 751 4322 Sedis
772 4263 832 4323 diei
859 4262 904 4323 12
924 4263 1040 4322 octobr.
1070 4261 1169 4320 1869.

238 4360 402 4421 ⁵(lonstat
422 4361 473 4419 vel
495 4361 615 4421 eruitur
637 4379 676 4421 ex
696 4380 768 4436 cap
792 4360 824 4420 2.
849 4380 893 4420 en
916 4363 1102 4429 literarum,
1123 4364 1175 4422 tit.
1204 4363 1263 4437 qui
1286 4358 1407 4419 Clerici

176 4459 225 4517 vel
247 4467 395 4517 voventes
417 4467 514 4516 matr.
539 4467 642 4518 contr.
664 4467 823 4534 poema&
851 4463 964 4520 excit.
991 4460 1169 4529 Clement.;
1188 4477 1229 4519 ex
1253 4461 1345 4516 tincto
1367 4460 1406 4518 de

175 4557 313 4632 bicamia
336 4574 403 4615 non
424 4558 636 4616 ordinandis.
656 4558 790 4618 -Vide
812 4538 998 4618 Laurentum
1021 4561 1045 4618 Ι.
1071 4559 1104 4618 O.
1131 4559 1185 4617 lib.
1213 4558 1244 4616 1.
1274 4560 1321 4618 tit.
1347 4557 1403 4616 21.

176 4661 298 4729 quaest.
325 4653 402 4714 642.
428 4673 463 4713 n.
489 4654 520 4712 5.
544 4659 577 4715 et
598 4663 723 4730 quaest.
749 4655 829 4715 643.
