3509 5317
710 515 869 575 -27-

168 651 240 738 dio,
264 654 345 722 sive
369 653 416 723 ita
441 671 527 723 earn
552 652 701 741 ligando
725 658 762 722 et
784 651 1031 739 impediendo,
1056 660 1098 723 ut
1120 652 1318 723 ordinariis
1341 654 1406 723 Ec·

167 758 303 830 clasiae
327 761 559 844 exorcismis,
584 760 705 830 aliove
729 759 823 829 licito
848 760 962 829 modo
985 759 1059 829 tolii
1083 767 1247 847 nequeat
1273 759 1296 827 .¹.

234 867 266 934 6.
299 865 488 936 Tertium:
511 869 641 954 Neque
665 866 877 954 impotentia
913 865 1137 935 antecedens
1168 864 1401 956 temporalis,

169 992 293 1062 neque
311 973 528 1062 impotentia
548 980 734 1064 perpetua
758 975 838 1044 sive
862 974 1037 1044 absoluta
1059 976 1139 1044 sive
1164 974 1317 1044 relativa
1335 974 1403 1044 sed

168 1099 397 1170 consequens
432 1084 712 1152 matrimonium
747 1083 927 1152 dirimunt
960 1080 984 1151 ².
1007 1119 1032 1132 -
1063 1084 1146 1151 Non
1183 1081 1400 1169 temporalis

169 1189 385 1277 impotentia
410 1191 656 1262 antecedens:
681 1191 817 1260 etenim
841 1190 890 1260 ad
914 1196 1065 1277 tempus
1102 1193 1312 1277 impotens,
1348 1196 1406 1260 est

169 1296 340 1368 absolute
363 1303 506 1386 potens,
530 1299 702 1387 adeoque
725 1303 847 1386 potest
869 1317 912 1368 se
947 1298 1116 1368 absolute
1150 1297 1316 1386 obligare
1352 1297 1399 1368 ad

169 1404 357 1492 copulam,
381 1405 715 1493 quemadmodum,
741 1412 782 1474 ut
804 1406 855 1475 ait
877 1405 1058 1490 Sanctam,
1083 1403 1151 1473 etsi
1174 1403 1206 1473 is
1229 1406 1293 1492 qui
1321 1421 1403 1491 per·

170 1518 283 1598 petuo
308 1518 365 1581 est
387 1511 559 1581 intrabilis
580 1512 628 1582 ad
653 1512 891 1599 solvendum,
917 1511 1090 1581 inhabilis
1113 1528 1266 1599 quoque
1282 1508 1403 1580 estad

169 1616 463 1702 promittendum
477 1638 486 1705 ;
510 1619 574 1706 qui
597 1623 724 1688 tamen
750 1621 787 1687 in
810 1619 996 1706 praesenti
1022 1636 1097 1688 non
1122 1622 1179 1685 est
1209 1616 1402 1700 solvenda,

169 1725 335 1815 obligare
358 1745 401 1796 se
424 1732 545 1814 potest
567 1727 614 1797 ad
638 1727 865 1798 solvendum
890 1727 922 1796 si
945 1745 1035 1814 spes
1058 1728 1105 1795 sit
1127 1723 1208 1795 fore
1228 1725 1281 1793 >in
1311 1723 1405 1794 iutu-

168 1850 256 1901 rum
269 1831 462 1903 solvendo.
478 1868 501 1883 -
515 1834 600 1903 Non
616 1834 833 1921 impotentia
849 1838 1029 1922 perpetua
1045 1850 1288 1921 consequens,
1307 1831 1405 1901 idest

169 1940 409 2011 matrimonio
433 1942 714 2030 superveniens,
739 1941 839 2024 illud,
864 1941 932 2011 etsi
968 1947 1092 2011 ratum
1129 1946 1293 2027 tantum,
1329 1939 1402 2009 dis·

168 2048 298 2134 solvit3
323 2049 410 2137 quia
437 2051 718 2121 matrimonium
742 2058 867 2120 ratum
891 2068 967 2118 non
991 2053 1301 2118 consummatum
1317 2046 1400 2116 sola

169 2155 402 2244 professione
425 2158 597 2246 religiosa
625 2159 682 2230 vet
720 2158 867 2229 Summi
902 2156 1090 2227 pontificis
1124 2156 1403 2245 dispensatione

169 2263 324 2334 dissolvi
347 2271 515 2352 potest.
492 2263 504 2300 ⁸
780 2329 783 2334 .

234 2373 268 2440 7.
296 2372 507 2449 Quartam:
530 2372 625 2442 Cum
649 2372 697 2441 de
720 2371 935 2458 impotentia
972 2388 1047 2439 non
1079 2375 1246 2455 constat,
1281 2315 1402 2456 caque

169 2479 320 2565 probari
345 2496 421 2547 non
437 2484 558 2567 potest
572 2497 640 2567 per
655 2480 762 2567 signa
780 2479 949 2570 urgentia
966 2483 1002 2548 et
1017 2483 1128 2563 certa,
1145 2476 1212 2545 sed
1231 2479 1402 2545 remanet

168 2584 307 2672 duom,
341 2587 542 2675 requiritur
576 2585 753 2657 continua
790 2584 984 2655 triennalis
1019 2581 1210 2654 colabitt
1153 2587 1193 2652 ta
1195 2581 1244 2651 tia
1279 2581 1405 2650 coniu-

169 2709 260 2780 gum
285 2689 299 2727 ⁸
323 2691 538 2763 vacantium
562 2692 738 2781 copulae,
764 2697 804 2763 ut
826 2693 1014 2764 Ecclesiae
1041 2694 1186 2759 constet
1215 2706 1309 2757 num
1336 2687 1401 2755 im·

170 2798 357 2886 potentiae
380 2797 477 2868 adsit
491 2799 801 2887 impedimentum
826 2798 1016 2882 dirimens,
1041 2796 1209 2866 maxime
1225 2794 1317 2863 dum
1339 2794 1404 2862 im-

171 2906 332 2993 potentia
356 2906 519 2977 ereditur
542 2926 592 2976 ex
615 2905 810 2994 maleficio,
836 2907 923 2994 quia
947 2906 1111 2975 decursu
1134 2902 1326 2990 temporis,
1350 2901 1403 2970 in·

237 3156 248 3193 ¹
272 3154 338 3215 Gir.
368 3154 556 3215 Laurenium
582 3158 636 3214 cit.
661 3162 786 3232 quaeat.
810 3152 891 3223 244,
918 3155 970 3214 ubi
991 3172 1030 3214 ex
1052 3153 1254 3231 (lastropalao
1274 3152 1403 3214 disserit

169 3255 206 3314 de
226 3253 327 3332 signis
346 3260 525 3328 perpetuae
547 3252 598 3313 rel
619 3254 810 3330 temporalis
832 3252 1034 3330 impotentiae
1055 3269 1097 3310 ed
1119 3252 1293 3328 maleficio,
1313 3250 1400 3312 etad

169 3350 407 3430 dignoscendum
436 3354 541 3410 utrum
572 3367 592 3411 a
622 3358 764 3418 antara,
795 3368 834 3410 an
866 3367 940 3410 vcro
970 3368 989 3410 a
1021 3349 1184 3426 maleficio
1216 3348 1430 3426 impotentia·

168 3450 302 3511 oriatur.

237 3549 250 3587 ²
270 3551 410 3612 Sanehaz
434 3552 489 3610 til.
505 3549 535 3607 7.
560 3548 644 3623 disp.
671 3543 727 3605 92.
744 3563 805 3604 nn.
824 3543 950 3614 2-4,·-
962 3545 1132 3605 Laurenius
1156 3545 1209 3603 lib.
1225 3544 1257 3603 4.
1276 3546 1325 3604 tit.
1347 3543 1400 3603 15.

169 3665 220 3724 qq.
244 3645 416 3707 245-246.

236 3745 249 3784 ³
272 3746 410 3807 Sanchez
435 3745 490 3806 lib.
516 3745 547 3805 7.
571 3744 656 3821 disp.
686 3739 762 3802 102.
779 3760 815 3800 n.
834 3740 865 3801 3.
884 3750 916 3800 et
934 3759 1020 3816 seqq.
1037 3770 1074 3786 -
1092 3738 1264 3800 Lauranius
1286 3739 1341 3796 lit.
1366 3736 1400 3796 4.

170 3848 217 3904 lit.
243 3844 297 3903 15.
314 3853 439 3923 quaest.
457 3843 537 3915 246,
559 3844 661 3904 citans
682 3842 833 3913 Sanohez,
856 3841 958 3913 emt,
982 3840 1137 3917 Gastrop„
1160 3856 1229 3898 cum
1250 3838 1403 3899 communi

168 3943 444 4004 contradiction.
468 3946 500 4003 et
521 3941 667 4020 quosdam
688 3940 778 4000 alios.
1003 3931 1006 3938 ’

235 4041 281 4101 De
295 4042 407 4101 summi
421 4041 586 4102 Pontificio
599 4042 763 4118 potestate
769 4038 957 4098 dissolvendi
972 4039 1206 4100 matrimonium
1220 4043 1325 4100 ratum
1343 4058 1400 4100 non

170 4143 427 4213 consummatum.
441 4139 512 4199 vida
522 4138 709 4199 Laurentum
724 4135 778 4194 lib.
789 4138 822 4195 4.
836 4139 885 4195 tit.
902 4133 951 4194 19
964 4137 1004 4195 de
1015 4137 1165 4196 divertens
1169 4146 1311 4214 Nquaeat
1322 4136 1403 4203 276

171 4234 322 4309 Sambon,
345 4236 505 4297 Benedict.
527 4235 603 4296 XIV
623 4239 684 4296 eto.

236 4333 345 4414 ⁴Oap.
374 4334 577 4394 laudabilem
599 4333 703 4394 iuncto
724 4352 793 4411 cap.
821 4333 1005 4392 litterae7.
1028 4335 1081 4394 tin.
1100 4335 1155 4395 cit.
1173 4336 1231 4394 tit.
1246 4337 1286 4394 de
1307 4337 1405 4411 sript·

170 4433 221 4492 drs
231 4438 307 4507 etc
317 4438 352 4494 ut
362 4451 431 4494 cum
442 4451 596 4494 commum
587 4432 697 4493 docet
708 4432 866 4494 Benedici
875 4432 951 4493 XIV
960 4434 999 4492 de
1011 4433 1141 4509 Syaodo
1154 4433 1210 4493 lib.
1223 4432 1255 4492 9
1262 4450 1334 4509 cap
1349 4432 1399 4491 10.

171 4550 206 4591 n.
223 4530 257 4601 2,
270 4532 324 4593 ubi
339 4531 430 4593 huius
445 4531 658 4610 impedimenti
672 4529 773 4591 refert
787 4530 963 4591 historiam.
