3509 5317
1415 476 1770 535 -423-

372 608 540 678 latio
586 610 720 679 erit
766 628 1069 699 semper
1115 610 1473 700 facienda,
1507 612 1799 701 quoties
1829 613 2120 699 primae
2166 615 2365 683 duae
2411 618 2816 684 senuerititw¹

370 718 556 788 inter
601 737 684 789 se
731 717 1159 790 conformes
1206 738 1353 788 non
1402 717 1691 808 fuerint,
1726 721 1865 791 nisi
1903 720 2238 807 partibus
2269 722 2624 809 placuerit
2656 742 2816 790 assau-

371 844 534 895 sam
583 826 677 896 ad
724 826 964 913 ipsam
1016 826 1090 896 S.
1138 827 1411 897 Sedem
1458 828 1556 896 ab
1586 828 1781 897 initio
1831 834 1901 899 et
1932 829 2358 898 immediate
2406 828 2712 899 defert-v,

1259 1060 1559 1109 ‘numus
1605 1061 1929 1119 QUINTUS.

1139 1203 1255 1271 De
1300 1201 1634 1272 secunda
1678 1201 2057 1272 instantia.

503 1364 611 1432 25.
661 1364 877 1433 Facta
944 1363 1456 1452 appellatione,
1520 1365 1937 1453 Episcopus
1999 1384 2136 1435 seu
2188 1366 2640 1450 ordinarius,
2696 1370 2816 1450 ιμιῑ

367 1472 687 1557 primam
754 1471 1196 1542 sententiam
1263 1471 1578 1559 protulit,
1642 1490 1814 1542 eam
1876 1473 2246 1543 remittere
2317 1473 2608 1543 debebit
2676 1498 2816 1542 unu

369 1597 543 1651 cum
592 1580 876 1668 integro
928 1580 1318 1665 Processu,
1355 1580 1814 1668 caeterisque
1848 1580 2202 1649 omnibus
2232 1582 2327 1651 ad
2361 1599 2668 1652 causam
2712 1586 2820 1650 ill-21-

370 1706 541 1756 rum
587 1687 1062 1757 iudicandam
1110 1687 1648 1775 pertinentibus
1693 1686 1789 1757 ad
1827 1687 2164 1774 tribunal,
2202 1687 2296 1758 ad
2330 1688 2531 1777 quod
2579 1690 2820 1778 appal-

367 1796 598 1866 latum
633 1801 762 1864 est.
2492 1866 2495 1868 ,

496 1905 607 1972 26.
656 1904 817 1971 Hoc
878 1915 1131 1973 autem
1188 1902 1437 1972 omnia
1498 1924 1541 1974 a
1606 1903 1847 1989 primo
1912 1903 2253 1972 tribunali
2316 1911 2608 1991 peracta
2676 1906 2816 1970 stili-

374 2016 632 2100 genter
679 2009 1153 2094 examinabit,
1212 2016 1437 2097 atque
1484 2029 1568 2079 ea
1637 2009 1885 2080 omnia
1940 2020 2263 2099 peraget,
2330 2030 2526 2098 quae
2573 2032 2816 2082 newe-

364 2118 558 2188 saria
610 2118 1076 2202 videbuntur,
1128 2124 1204 2185 ut
1235 2115 1566 2186 defectus
1613 2117 2123 2204 suppleantur,
2172 2118 2394 2188 dubia
2460 2120 2820 2188 eluciden-

364 2231 505 2312 tur,
555 2232 628 2294 et
673 2243 968 2295 errores
1014 2225 1500 2313 corrigantur.
1552 2226 1771 2294 Hunc
1803 2225 1874 2292 in
1909 2224 2161 2310 finem,
2203 2232 2595 2312 praesente
2628 2246 2812 2294 svm-

365 2352 497 2420 per
546 2333 810 2401 vinculi
861 2331 1252 2402 defensore
1285 2333 1353 2400 in
1403 2333 1606 2402 curia
1643 2334 2037 2403 constituto
2084 2334 2197 2403 vel
2244 2334 2656 2420 specialiter
2704 2338 2816 2402 tle-

368 2440 625 2528 legatO,
675 2441 1032 2528 coniuges
1078 2440 1551 2527 examinabit,
1601 2440 2202 2529 investigationes
2249 2442 2569 2511 instituet
2624 2446 2812 2510 rinna.

363 2546 812 2616 documenta
862 2547 1082 2634 priori
1135 2547 1471 2617 tribunali
1506 2547 1854 2634 exhibita,
1888 2554 2130 2635 testeS,
2180 2567 2221 2616 a
2273 2549 2549 2636 quibus
2579 2569 2816 2618 nnuma

368 2652 926 2753 informationes
988 2655 1268 2725 hauriri
1329 2656 1635 2743 possint,
1696 2656 1964 2725 iterum
2036 2655 2304 2726 audiet.
2354 2657 2513 2724 Imo
2560 2662 2820 2744 palm-it

362 2763 585 2832 etiam
634 2763 1164 2851 praescribere,
1230 2752 1310 2833 ut
1371 2781 1617 2833 novus
1662 2781 2067 2851 processus
2116 2762 2228 2834 ex'
2270 2765 2554 2852 integro
2600 2766 2816 2830 millii*

360 2871 616 2941 ciatur.
987 2924 994 2929 .

496 2979 781 3046 Verum
831 2985 1200 3065 quatenus
1251 2978 1537 3048 validae
1570 2978 1812 3048 desint
1845 2980 2171 3049 rationes
2203 2998 2487 3049 novum
2524 2999 2812 3068 prum-2-

363 3106 536 3156 sum
599 3086 964 3176 exigendi,
1013 3088 1428 3156 consultius
1494 3087 1658 3173 erit,
1721 3087 2159 3175 praesertim
2208 3087 2269 3154 si
2321 3106 2812 3174 personarum

371 3201 442 3262 et
487 3192 823 3264 locorum
893 3193 1489 3263 circumstantiae
1552 3193 1620 3261 id
1683 3193 2075 3277 suaserint,
2128 3200 2209 3262 ut
2260 3212 2616 3280 processu
2672 3194 2812 3258 llltll

367 3302 663 3389 expleto
698 3306 961 3385 utatur,
994 3300 1282 3370 'indictis
1315 3307 1560 3370 tamen
1597 3301 2071 3370 ulterioribus
2112 3301 2812 3390 investigationibus,

367 3429 562 3498 quas
607 3410 1073 3480 necessarias
1120 3409 1569 3478 iudicaverit.

499 3518 713 3601 Quod
760 3519 821 3587 si
885 3535 1171 3586 novum
1220 3533 1667 3603 processum
1727 3513 2150 3589 faciendum
2209 3534 2380 3584 esse
2425 3518 2812 3590 censu=z÷t=it,

364 3626 767 3696 methodus
825 3644 1050 3711 supra
1126 3624 1495 3711 descripta
1567 3623 1940 3693 servanda
1991 3623 2143 3693 erit.
2207 3622 2283 3692 Si
2345 3641 2525 3692 vero
2572 3626 2808 3710 aliqua

365 3739 651 3804 tantum
698 3752 894 3803 nova
943 3738 1108 3803 acta
1153 3732 1651 3820 adiungenda,
1702 3732 1817 3799 vel
1852 3732 2026 3801 novi
2058 3731 2332 3819 aliquid
2381 3731 2816 3810 investigan-

362 3841 542 3910 dum
592 3841 981 3927 censuerit,
1033 3858 1335 3926 semper
1365 3845 1613 3908 tamen
1663 3837 2012 3908 defensor
2050 3840 2497 3909 matrimonii
2544 3838 2812 3906 adver-,aff

364 3947 676 4034 debebit,
729 3947 843 4018 vel
891 3947 1158 4018 saltem
1191 3964 1380 4015 nova
1424 3946 1608 4015 haec
1640 3947 1882 4016 eidem
1917 3945 2540 4016 communicanda
2579 3954 2812 4028 erunt„

366 4060 443 4123 ut
487 4073 623 4142 pro
674 4074 987 4125 munere
1034 4073 1176 4124 suo
1224 4073 1317 4122 ea
1364 4053 1816 4140 expendere,
1864 4068 1937 4123 et
1982 4062 2359 4142 quatenus
2404 4072 2595 4141 opus
2648 4074 2816 4122 *seer

366 4160 663 4231 duxerit
711 4163 1049 4249 proprias
1095 4160 1789 4231 animadversiones
1838 4160 1975 4229 illis
2008 4179 2391 4246 opponere
2439 4159 2696 4230 valeat,

491 4271 602 4338 27.
648 4270 962 4357 Expleto
1012 4270 1360 4340 examine
1412 4269 1628 4357 primi
1679 4287 2106 4357 processus,
2157 4275 2228 4338 et
2274 4269 2616 4357 imposito
2668 4270 2812 4334 siw-

362 4378 576 4446 novis
622 4377 1330 4463 investigationibus
1383 4375 1614 4446 iudex
1660 4376 2175 4465 appellationis
2225 4377 2517 4446 debebit
2552 4378 2816 4463 *exqui-

258 4487 266 4494 '
362 4501 526 4553 rere
572 4504 620 4553 a
665 4481 1058 4554 defensore
1094 4485 1567 4569 matrimonii,
1617 4491 1873 4554 utrum
1925 4483 2199 4571 aliquid
2250 4484 2501 4554 adhuc
2548 4485 2812 4552 buln-zu

312 4590 888 4661 -deducendum
945 4596 1075 4661 aut
1133 4591 1704 4679 inquirendum3
1769 4601 1841 4662 et
1905 4596 2277 4679 quatenus
2341 4610 2425 4661 se
2498 4591 2595 4659 nil
2656 4614 2808 4658 nm*
