3509 5317
723 535 882 596 ..93-

185 674 356 745 Firmitas
391 688 557 763 namque
592 672 818 743 matrimonii
851 673 1100 741 consummati
1125 692 1147 741 a
1172 673 1252 742 iure
1281 671 1415 759 divine,

185 781 344 852 naturali
370 787 407 851 at
431 779 654 870 evangelico
687 779 841 868 profluit
857 778 878 846 ¹.
914 780 1067 849 Constat
1095 779 1267 868 quidem,
1291 799 1340 850 ex
1368 780 1418 849 di·

187 891 274 958 vino
299 889 491 977 privilegio
515 890 551 957 in
575 887 747 958 favorem
763 887 851 958 ildei
873 886 968 956 solvi
993 905 1107 973 posse
1124 886 1316 961 vinculum
1332 906 1417 956 con·

185 997 272 1085 iugii
296 997 390 1066 inter
412 995 583 1085 infideles
595 988 858 1080 consummati,
875 995 1021 1083 quoties
1033 993 1209 1064 alteruter
1220 995 1267 1064 ad
1286 1012 1414 1065 veram

185 1103 301 1174 fldem
326 1103 564 1189 convertitur,
580 1101 696 1173 altero
712 1103 749 1171 in
763 1101 976 1173 infidelitate
993 1110 1168 1172 manente
1180 1120 1225 1172 ac
1238 1109 1417 1172 renuente

184 1230 316 1281 secum
342 1211 509 1281 habitare
532 1210 614 1280 sine
638 1209 822 1280 Creatoris
845 1208 1083 1294 contumelia,
1112 1216 1152 1278 ut
1178 1228 1270 1277 mox
1300 1209 1419 1279 deela-

185 1319 412 1406 randum;-
434 1323 472 1386 at
495 1317 598 1386 nullo
622 1305 732 1405 pacto
763 1323 910 1387 constat
937 1335 1118 1405 supremo
1149 1315 1315 1387 Pontifici
1348 1316 1418 1385 col·

187 1425 300 1496 latam
324 1423 441 1494 luisse
464 1425 722 1495 auctoritatem
759 1389 929 1494 solvendi
964 1424 1158 1493 vinculum
1191 1424 1415 1495 matrimonii

185 1531 280 1602 inter
305 1530 397 1607 fidel
397 1552 435 1601 es
458 1532 721 1603 consummati.

252 1638 290 1708 Si
315 1657 406 1727 ergo
422 1638 579 1708 dubium
605 1641 712 1725 adsit,
737 1660 812 1709 non
837 1638 1023 1709 certitudo
1057 1610 1106 1708 de
1141 1657 1214 1707 non
1246 1657 1419 1707 consum·

128 1759 133 1769 ·
187 1746 350 1816 motione
375 1747 599 1816 matrimonii
624 1748 745 1817 valide
769 1747 863 1816 inter
887 1746 1018 1816 fldales
1042 1747 1126 1833 initi,
1150 1764 1220 1815 seu
1245 1747 1311 1815 rati
1335 1751 1416 1815 tum

186 1852 416 1938 dispensatio
439 1855 643 1942 apostolica
667 1873 765 1942 quae
788 1855 837 1924 ab
862 1855 934 1923 lroo
958 1854 1107 1923 vinculo
1136 1854 1418 1937 concederetun

187 1967 269 2028 tum
293 1960 450 2046 proinde
473 1961 631 2031 alterum
657 1962 874 2050 coniugium
899 1964 1027 2050 vigore
1052 1961 1149 2030 illius
1175 1959 1418 2048 dispensatio

188 2067 247 2135 nis
269 2066 430 2138 fortasse
453 2068 684 2138 celebratum
710 2069 874 2139 nullitate
899 2069 1113 2138 laborarent
1135 2069 1165 2137 si
1191 2086 1325 2154 reapse
1348 2067 1418 2155 pri·

190 2192 297 2242 mum
323 2177 603 2246 matrimonium
628 2183 937 2248 consummatum
955 2175 1095 2260 fuisset,
1113 2177 1274 2263 ideoque
1286 2175 1322 2243 in
1339 2193 1419 2263 gra·

190 2281 385 2351 vissimam
409 2283 623 2353 animarum
649 2274 1031 2370 perniciem'cederet.
1063 2285 1167 2352 Patet
1188 2282 1306 2371 igitur,
1332 2301 1418 2369 apo·

191 2387 361 2457 stolicam
384 2389 512 2460 sedem
539 2390 760 2477 dispensare
787 2410 863 2459 non
889 2409 1045 2479 possea
1079 2391 1227 2458 vinculo
1256 2390 1416 2478 coniugii

189 2498 266 2583 rati,
292 2497 361 2565 nisi
386 2499 491 2584 prius
513 2504 614 2567 certo
637 2509 784 2567 constet
804 2499 852 2568 de
875 2517 951 2567 non
975 2497 1301 2567 consummatione
1325 2496 1418 2566 eius·

191 2604 291 2673 modi
317 2604 553 2673 matrimonii.

257 2713 311 2810 13.
337 2710 376 2779 ld
400 2717 526 2781 autem
551 2713 661 2800 plene
684 2711 930 2784 confirmatur
953 2731 1003 2783 ex
1026 2711 1327 2781 constantissima
1352 2712 1417 2780 Ec·

187 2819 324 2888 clesiae
347 2819 530 2889 sentiendi
556 2821 696 2890 ratione
719 2827 832 2907 atque
862 2839 945 2889 usu.
982 2820 1099 2889 Sacra
1129 2827 1228 2889 enim
1261 2820 1419 2906 Congre

188 2927 286 3014 gatio
310 2926 458 2996 Concilii
481 2946 596 3014 saepe
629 2927 840 3012 declaravit,
865 2929 902 2995 in
926 2925 1039 2997 dubio
1063 2927 1110 2995 de
1133 2946 1208 2996 non
1241 2944 1418 2996 consum·

190 3033 350 3102 matione
375 3035 609 3119 matrimonii,
641 3035 959 3121 dispensationem
985 3035 1087 3103 lraud
1103 3052 1188 3105 esse
1212 3035 1422 3121 impertien-

188 3141 298 3209 dam:
321 3142 370 3212 ita
395 3142 430 3209 in
457 3140 643 3231 Propensi
664 3143 920 3226 261an.1732;
945 3142 1019 3209 -in
1045 3140 1295 3210 Vormotiensi
1309 3144 1354 3210 23
1374 3142 1420 3211 ia·

189 3248 306 3316 nuarii
334 3250 438 3335 17343
463 3250 544 3317 -in
569 3247 787 3337 Hicpulensi
810 3250 853 3317 14
885 3250 1005 3317 martii
1030 3250 1139 3335 17393
1164 3250 1246 3316 -in
1284 3246 1420 3318 Cordu-

188 3351 293 3422 bensi
312 3358 358 3424 22
381 3374 467 3425 nov.
494 3358 582 3427 1760
605 3358 641 3424 el
656 3356 741 3425 alibi
759 3360 914 3444 passim.
939 3359 1058 3437 Quam
1076 3356 1418 3425 constantissimam

191 3460 377 3532 iudicandi
394 3465 577 3533 rationem
593 3461 831 3565 confirmavit
848 3462 1133 3548 Lambertinius,
1150 3463 1241 3531 dum
1262 3480 1419 3532 munere

189 3568 382 3639 Secretarii
408 3570 577 3640 eiusdem
603 3571 639 3639 S.
664 3571 701 3640 C.
734 3568 974 3658 fungebatur,
999 3570 1035 3636 in
1067 3589 1183 3639 causa
1220 3567 1422 3656 liisipensi

189 3674 473 3746 lma1117182.
499 3677 628 3746 itidem
652 3679 688 3745 in
714 3677 899 3746 eiusmodi
931 3679 1057 3746 causis
1089 3676 1258 3764 religiosa
1295 3694 1420 3745 sense·

191 3790 277 3852 runt
300 3789 336 3852 et
357 3785 521 3854 sentiunt
543 3792 689 3855 ceterae
714 3786 911 3854 Romanae
923 3784 1240 3872 congregationes
1256 3789 1291 3851 et
1307 3782 1421 3852 eccle·

190 3891 338 3961 siastica
361 3891 569 3978 tribunalia,
593 3893 731 3980 quibus
755 3912 776 3961 a
803 3896 976 3962 Romano
1002 3890 1176 3961 Pontiflce
1212 3891 1418 3960 earundem

191 4019 352 4078 examen
377 4000 556 4071 committi
579 4001 684 4069 solet:
708 4020 817 4089 quae,
843 4006 1032 4089 perstante
1049 3999 1163 4068 dubio
1178 3999 1226 4067 de
1242 4016 1317 4065 non
1335 4016 1419 4066 con·

191 4114 381 4178 summata
405 4108 643 4176 matrimonio
667 4109 761 4178 inter
796 4107 938 4192 fideles,
964 4107 1176 4196 petitionem
1209 4102 1418 4192 pontificiae

191 4215 475 4304 dispensationis
488 4216 735 4302 reiiciendam,
750 4217 891 4285 nedum
908 4215 1026 4285 SSmo
1043 4214 1316 4283 consulendam
1335 4231 1419 4281 cen·

190 4330 356 4392 suerunt.

259 4555 269 4592 ¹
292 4555 428 4615 Genesis
450 4575 517 4632 cap.
541 4556 569 4614 2.
594 4587 631 4600 -
654 4555 771 4614 Matth.
797 4553 845 4613 19.

257 4654 270 4692 ⁹
292 4655 356 4716 on.
381 4656 574 4717 Thesaurum
596 4656 747 4716 decretor.
772 4656 804 4716 S.
823 4656 856 4716 Ο.
875 4655 910 4715 0.
