3509 5317
1744 437 2102 499 ...130-

700 577 952 642 rantes
997 593 1144 645 non
1197 572 1467 645 afficiat
1496 575 1746 662 quoad
1779 593 2055 664 graves
2085 593 2394 662 poenas,
2428 595 2622 664 quas
2647 576 3157 646 Tridentinum

695 681 1148 751 clandestina
1198 683 1807 752 contrahentibus
1859 683 2330 752 matrimonia
2380 683 2733 770 praecipit
2776 682 3007 772 infligi
3054 705 3161 754 ar·

698 788 915 857 bitrio
951 788 1314 858 Ordinarii
1364 789 1408 855 ¹.

830 898 892 963 7.
943 894 1416 966 Manifestum
1479 901 1594 964 est
1637 896 1858 984 igitur
1916 915 2016 964 ex
2061 897 2244 983 ipsis
2306 896 2581 966 decreti
2644 896 2912 979 verbis,
2964 897 3160 966 hanc

698 1020 867 1074 esse
918 1004 1251 1093 regulam
1303 1003 1724 1090 tenendam,
1758 1003 2059 1072 scilicet:
2114 1025 2152 1068 «
2186 1005 2652 1074 Matrimonia
2688 1004 3158 1074 clandestina

695 1117 874 1179 sunt
919 1130 1232 1197 prorsus
1278 1110 1599 1181 invalida
1649 1111 1719 1178 in
1771 1111 2126 1180 omnibus
2173 1111 2375 1198 lociS,
2427 1113 2498 1180 in
2547 1114 2824 1201 quibus
2858 1113 3161 1183 Concilii

695 1218 1078 1288 decretum
1132 1219 1261 1287 rite
1311 1218 1870 1307 promulgatum
1919 1216 2082 1305 fuit3
2136 1218 2359 1307 idque
2408 1220 2630 1288 etiam
2678 1220 2741 1289 si
2789 1219 2861 1287 in
2897 1221 3163 1289 mortis

694 1325 1025 1406 articulo,
1079 1326 1190 1394 vel
1241 1344 1723 1413 quacumque
1755 1324 2024 1394 fuerint
2059 1333 2370 1414 urgente
2404 1327 2843 1397 necessitate
2875 1337 3163 1397 contra·

695 1437 804 1500 cta
844 1431 889 1498 ².
939 1468 984 1480 -
1031 1432 1290 1502 Valida
1341 1438 1594 1501 contra
1646 1438 1825 1501 sunt
1858 1432 1926 1500 in
1980 1431 2178 1517 locis,
2229 1432 2300 1500 in
2351 1434 2628 1521 quibus
2675 1434 2950 1503 decreti
2998 1452 3164 1520 pro—

696 1537 1052 1626 mulgatio
1097 1536 1413 1607 defuerit
1457 1539 1618 1606 sive
1664 1536 2044 1624 culpanda
2087 1538 2248 1608 sive
2295 1557 2442 1607 non
2483 1538 2880 1625 ,culpanda
2940 1539 3160 1607 omis·

3190 1 3301 16 ----
3303 1 3414 8 *ffi-

692 1644 983 1712 sione».
1014 1644 1153 1714 Ubi
1179 1644 1378 1712 enim
1413 1642 1543 1713 fuit
1573 1643 2137 1732 promulgatum
2178 1643 2582 1729 decretum,
2621 1645 2953 1715 Ecclesia
2986 1642 3159 1713 facit
3244 1718 3247 1721 ,

694 1750 886 1819 irrita
938 1749 1392 1820 clandestina
1443 1750 1840 1819 connubia.
1891 1749 2030 1820 Ubi
2080 1755 2330 1818 autem
2381 1770 2531 1819 non
2566 1749 2700 1820 fuit
2732 1750 3159 1838 promulga-

693 1862 852 1926 tum
902 1857 1139 1927 valida
1207 1864 1419 1927 erant
1475 1865 1648 1928 ante
1696 1856 2233 1944 Tridentinum,
2293 1866 2364 1927 et
2424 1859 2596 1929 item
2664 1858 2911 1927 valida
2974 1863 3156 1927 sunt

693 1966 1060 2051 habenda,
1109 1985 1263 2054 qua
1310 1971 1535 2035 antea
1584 1963 2038 2050 habeantur,
2094 1985 2356 2053 quum,
2405 1965 2795 2035 deficiente
2830 1965 3155 2052 promul·

689 2073 1000 2160 gatione,
1052 2093 1135 2143 ea
1188 2074 1515 2143 Ecclesia
1564 2091 1715 2140 non
1751 2073 2156 2142 irritaverit.
2209 2073 2677 2143 Contrarium
2711 2081 2966 2143 autem
2994 2092 3156 2142 sen-

691 2181 971 2266 tienteS,
1022 2181 1415 2268 ipsiusmet
1462 2181 1844 2248 sanctione
1892 2179 2167 2249 decreti
2232 2181 2706 2250 anathemate
2768 2178 3151 2250 feriuntur.

691 2325 735 2336 -
783 2288 969 2356 Hinc
995 2288 1066 2356 S.
1093 2289 1164 2356 C.
1200 2288 1293 2356 de
1328 2288 1546 2374 Prop.
1582 2287 1656 2354 F.
1693 2288 1763 2354 in
1804 2283 2301 2355 [astructione
2333 2287 2473 2355 diei
2511 2289 2597 2354 14
2629 2288 2942 2356 ianuarii
2976 2290 3146 2357 1821

692 2397 899 2464 iussu
952 2396 1052 2463 Pii
1103 2397 1235 2465 VII
1282 2395 1725 2466 transmissa
1776 2393 1870 2462 ad
1921 2395 2336 2482 Episcopos
2384 2394 2721 2464 Vicarios
2752 2413 2870 2481 ap.
2909 2395 2978 2462 in
3019 2396 3153 2463 Im·

688 2504 893 2589 perio
943 2504 1314 2588 Sinarum,
1365 2504 1579 2591 eique
1626 2503 2141 2572 adiacentibus
2175 2507 2426 2589 regnis
2457 2508 2683 2590 atque
2724 2503 3149 2588 provinciis,

687 2611 782 2680 ad
833 2611 1147 2684 dubium
1200 2633 1238 2675 ε(
1272 2614 1385 2678 An
1438 2611 1506 2680 in
1557 2611 1853 2694 Chinae,
1902 2610 2341 2679 Cocincinae
2388 2616 2458 2679 et
2488 2609 2855 2679 Tunchini
2891 2611 3155 2679 utrius·

689 2737 838 2806 que
890 2720 1336 2807 regionibus,
1388 2721 1460 2788 in
1510 2719 1787 2806 quibus
1834 2717 2311 2786 tridentinum
2366 2718 2459 2785 de
2512 2717 2987 2786 matrimonio
3036 2717 3153 2785 de·

687 2831 974 2894 cretum
1025 2826 1361 2894 nondum
1414 2826 1971 2912 promulgatum
2025 2828 2156 2909 est,
2221 2824 2487 2910 copula
2554 2823 2934 2910 sponsalia
2984 2823 3157 2892 sub-

682 2953 1014 3022 sequens
1063 2952 1326 3003 verum
1383 2932 1941 3001 matrimonium
1978 2931 2300 3016 inducat,
2339 2931 2627 3001 etiarnsi
2662 2931 2925 3017 sponsi
2959 2931 3152 3000 inter

685 3040 1118 3109 coeundum
1166 3058 1322 3115 non,
1366 3038 1676 3108 maritali
1739 3037 2035 3124 affectu,
2085 3039 2218 3107 sed
2287 3037 2581 3107 libidine
2646 3038 2846 3123 moti,
2911 3038 3155 3107 existi-

686 3153 892 3216 ment
937 3167 1021 3217 se
1069 3148 1137 3214 in
1189 3147 1512 3215 illicitum
1563 3166 1652 3214 ac
1697 3144 2180 3215 fornicarium
2227 3150 2479 3215 actum
2529 3145 2857 3230 irruisse,
2911 3147 3157 3214 matri-

686 3255 939 3352 monio
988 3256 1181 3324 iusto
1229 3254 1750 3323 constituendo
1799 3254 2204 3340 imparem3
2254 3272 2343 3322 ac
2390 3258 2790 3340 propterea
2823 3271 2975 3320 non
3010 3253 3150 3321 sibi

555 3455 561 3465 .
645 3382 649 3385 ·
685 3368 1018 3449 ereptam
1066 3360 1487 3431 facultatem
1511 3361 1945 3450 'existiment
1968 3361 2065 3429 ad
2098 3360 2239 3435 alia
2274 3369 2439 3428 vota
2479 3357 2935 3444 transeundi,
2970 3377 3150 3427 cum

688 3470 874 3539 haec
921 3469 1120 3557 apud
1182 3487 1315 3539 eas
1361 3473 1623 3556 gentes
1686 3467 2077 3554 persuasio
2132 3467 2439 3555 vigeat»
2502 3503 2547 3515 -
2595 3465 2980 3551 respondit
3027 3486 3156 3534 au·

684 3577 1013 3646 ctoritate
1063 3576 1452 3646 decretalis
1526 3577 1595 3642 Is
1665 3573 1798 3662 qni
1862 3574 2194 3661 Gregorii
2247 3574 2351 3642 IX
2386 3571 2448 3659 ⁸,
2499 3578 2571 3641 et
2630 3572 2963 3641 doctrina
3016 3577 3151 3641 tra·

685 3684 828 3753 dita
880 3705 923 3754 a
973 3685 1274 3772 Pirhing
1342 3685 1413 3752 in
1484 3682 1680 3752 idem
1752 3686 1980 3769 caput
2029 3680 2073 3767 ⁴,
2124 3682 2433 3751 scilicet:
2486 3702 2521 3743 ‹<
2554 3679 2628 3748 Si
2678 3680 2749 3748 in
2799 3678 3156 3766 praefatis

821 3867 838 3903 ¹
884 3864 1250 3925 Tridentino.
1301 3864 1584 3940 Synodus
1634 3863 1743 3922 cit.
1782 3882 1917 3940 cap.
1953 3863 2043 3921 ita
2092 3861 2386 3920 eiusmodi
2429 3877 2760 3939 poenarum
2806 3858 2981 3918 addit
3009 3877 3149 3917 san-

683 3965 985 4024 ctionem:
1035 3982 1071 4022 «
1105 3964 1357 4040 Insuper
1401 3963 1731 4039 parochum
1766 3962 1865 4021 vel
1909 3961 2101 4021 alium
2147 3960 2549 4029 sacerdotem,
2583 3959 2688 4034 qui
2730 3975 2867 4017 cum
2910 3958 3146 4018 minore

685 4080 723 4123 (ι
755 4063 1007 4121 testium
1052 4079 1304 4120 numero
1332 4070 1397 4120 et
1425 4067 1616 4120 testes
1657 4062 1762 4136 qui
1807 4060 1939 4119 sine
1979 4060 2245 4136 parocho
2278 4058 2377 4117 vel
2410 4057 2751 4127 sacerdote,
2799 4056 3144 4116 huiusmodi

684 4181 719 4219 «
752 4161 1098 4220 contractui
1146 4159 1568 4230 interfuerint,
1618 4178 1726 4218 nec
1772 4177 1888 4218 non
1936 4159 2098 4234 ipsos
2137 4157 2600 4225 contrahentes,
2649 4156 2938 4230 graviter
2982 4155 3157 4214 arbi—

685 4279 720 4318 «
752 4261 875 4319 trio
918 4259 1235 4319 Ordinarii
1281 4259 1482 4336 puniri
1528 4257 1831 4336 praecipit
1860 4275 1917 4314 ».

818 4359 842 4397 ²³
887 4360 1163 4417 Sanchez
1211 4359 1320 4416 lib.
1373 4357 1432 4415 3.
1483 4358 1650 4430 disp.
1711 4356 1817 4416 17.
1868 4374 1987 4412 nn.
2039 4353 2190 4411 4-5.

819 4458 844 4494 ⁸
888 4457 1033 4534 Cap.
1086 4460 1140 4514 is
1185 4459 1306 4533 qui
1350 4455 1460 4519 30,
1504 4455 1582 4512 de
1625 4455 1916 4528 sponsal.
1968 4461 2026 4510 et
2069 4453 2360 4510 matrim.

820 4559 844 4595 ⁴
887 4557 1176 4634 Pirhing.
1230 4557 1337 4634 lib.
1388 4554 1452 4613 4.
1502 4557 1597 4614 tit.
1656 4554 1711 4612 1.
1762 4572 1880 4611 πη.
1933 4550 2179 4608 27-28.
