3509 5317
2905 8 2916 15 .
2932 0 2970 13 ,ιι
2986 0 3001 3 ⁷
3026 0 3070 25 ,ἆῤ

1769 509 2129 569 -212—

726 646 1054 734 pendere
1077 645 1493 734 cognitione
1525 645 1945 715 summaria
1975 644 2380 714 adductam
2410 642 2802 713 iniustitiae
2834 661 3180 729 causam;

726 762 950 838 atque
990 753 1157 822 inde
1204 752 1264 821 si
1318 752 1707 841 querelam
1744 752 2096 822 decernat
2127 751 2538 846 admittere,
2589 750 2923 821 restituet
2954 755 3187 837 postu·

730 862 1002 930 tantem
1054 859 1158 930 ud
1210 857 1705 930 audientiam.
1736 861 1942 929 Haec
1965 865 2316 929 constant
2348 877 2448 928 ex
2471 859 2820 929 decretali
2849 860 3188 928 Innocen-

726 974 798 1038 tii
838 970 926 1038 ΙΙΙ
966 970 982 1002 ¹·
1038 968 1537 1040 decernentis:
1575 969 1665 1036 Et
1696 967 1803 1037 ad
1831 964 2304 1037 audientiam
2352 966 2815 1036 restituimus
2860 986 3031 1036 eam
3051 984 3186 1056 pro

630 1070 634 1074 ’
730 1075 1205 1146 πεπενῐηιοηίο
1249 1075 1782 1166 postulantem.
2112 1090 2117 1094 ·
2409 1107 2414 1110 -

862 1190 926 1254 5.
982 1190 1090 1254 De
1136 1183 1673 1275 Appellatione.
1707 1222 1751 1231 -
1789 1205 1827 1247 ‹
1860 1184 1933 1254 Si
1981 1204 2022 1253 a
2069 1184 2324 1257 iudice,
2363 1203 2500 1270 pro
2535 1184 2984 1254 matrimonii
3033 1184 3189 1254 vali·

738 1318 770 1358 ιι
806 1294 1022 1362 ditate
1071 1292 1530 1376 iudicabitur,
1565 1297 1636 1361 et
1666 1293 1921 1361 nullus
1952 1294 2045 1362 sit
2077 1293 2203 1379 qui
2236 1291 2571 1378 appellet,
2606 1292 2767 1378 ipse
2811 1288 3187 1380 (defensor

738 1426 774 1466 *a
806 1399 1268 1470 nmffimonci
1293 1419 1402 1469 eoe
1434 1392 1711 1488 officio)
1744 1399 1964 1470 etiam
1993 1400 2090 1470 ab
2119 1397 2615 1486 appellatione
2647 1417 2731 1468 se
2763 1398 3190 1468 abstineat...

738 1532 774 1570 s„
810 1510 930 1574 Sin
982 1513 1233 1576 autem
1280 1511 1536 1576 contra
1589 1505 2031 1576 matrimonii
2097 1505 2544 1574 validitatem
2593 1505 2954 1575 sententia
3024 1504 3190 1574 fera·

738 1638 774 1678 t:
810 1622 946 1698 tur,
998 1611 1344 1682 defensor
1375 1613 1561 1682 inter
1598 1612 1919 1701 legitima
1953 1619 2291 1699 tempora
2328 1611 2726 1698 appellabit
2771 1611 3188 1681 adhaerens

742 1746 774 1786 s
814 1722 991 1810 parti
1042 1740 1236 1809 quae
1296 1739 1434 1808 pro
1501 1721 1869 1790 validitate
1914 1721 2217 1809 agebat3
2279 1738 2456 1789 cum
2504 1725 2759 1789 autem
2806 1720 2879 1787 in
2932 1719 3190 1788 iudicio

742 1850 774 1890 ιε
826 1846 1050 1894 nemo
1097 1827 1216 1911 sit,
1267 1828 1392 1914 qui
1442 1846 1579 1914 pro
1639 1827 2088 1898 matrimonii
2140 1826 2511 1895 validitate
2583 1825 2969 1914 negotium
3041 1827 3197 1894 insi-

750 1962 778 1994 ις
810 1942 970 2018 stat,
1026 1932 1140 2002 vel
1185 1936 1247 2003 si
1295 1934 1505 2008 adsit,
1544 1935 1690 2004 lata
1720 1940 1977 2003 contra
2031 1952 2209 2003 eum
2259 1934 2643 2019 sententia,
2692 1932 3052 2003 iudicium
3085 1934 3196 2002 de-

742 2066 778 2106 an:
810 2043 1144 2130 seruerit,
1215 2044 1375 2130 ipse
1445 2061 1544 2111 ex
1591 2040 1837 2111 officio
1888 2042 1982 2111 ad
2035 2042 2508 2130 superiorem
2556 2041 2874 2110 iudicem
2943 2059 3201 2129 provo-
3280 2092 3288 2100 .

746 2174 782 2210 *a
818 2150 1006 2218 saliit
1049 2148 1069 2182 '²
1103 2171 1164 2215 ».

874 2258 934 2322 6.
986 2261 1079 2325 At
1124 2274 1305 2324 vero
1353 2256 1450 2324 ab
1507 2256 1732 2325 huius
1779 2256 2172 2324 severitate
2234 2254 2867 2342 praescriptioniS‚
2935 2271 3194 2340 provo-

742 2366 954 2434 candi
1006 2364 1277 2431 scilicet
1308 2363 1402 2432 ad
1436 2365 1906 2459 superiorem
1941 2363 2257 2433 iudicem
2313 2363 2604 2450 quoties
2637 2361 2878 2448 prima
2916 2368 3203 2429 senten-

742 2474 834 2542 tia
886 2478 1140 2539 cantra
1178 2472 1622 2541 matrimonii
1657 2470 2105 2542 validitatem
2148 2470 2294 2540 lata
2328 2468 2603 2555 fuisset,
2634 2469 2894 2556 paucis
2927 2469 3199 2538 abhinc

742 2578 958 2646 annis
1006 2577 1547 2664 aliquantulum
1580 2585 2081 2664 temperatum
2131 2584 2264 2646 est.
2301 2576 2487 2646 Cum
2539 2576 2738 2646 enim
2786 2576 3206 2662 Episcopus

750 2686 1050 2770 &vatisque
1097 2683 1512 2753 Castrensis
1559 2684 2033 2771 Apostolicae
2066 2684 2241 2753 Sedi
2293 2683 2793 2771 exposuisset,
2841 2682 2915 2749 in
2966 2679 3208 2750 foede·

750 2794 926 2858 ratis
974 2793 1360 2861 Americae
1407 2792 2004 2879 septentrionalis
2056 2792 2456 2879 provinciis
2501 2810 2652 2859 non
2703 2809 2874 2861 raro
2909 2790 3209 2860 evenire

746 2918 994 2982 misus:
1026 2902 1091 2967 in
1125 2901 1399 2987 quibus
1431 2909 1631 2970 certe
1662 2901 2068 2970 constatde
2103 2900 2432 2970 nullitate
2467 2899 2732 2985 prioris
2761 2898 3209 2968 matrimonii

750 3006 842 3078 asi
898 3010 1211 3075 iudicem
1259 3008 1333 3075 in
1384 3010 1622 3094 prima
1671 3008 2021 3078 instantia
2068 3007 2321 3092 delati,
2381 3013 2452 3075 et
2498 3007 2643 3075 hoc
2689 3007 3212 3093 proposuisset

754 3118 1087 3200 dubium,
1120 3133 1424 3202 nempe:
1477 3137 1514 3179 «
1555 3116 1796 3185 Posito
1845 3116 2047 3204 quod
2081 3134 2180 3184 ex
2212 3114 2689 3185 documentis
2734 3119 2805 3182 et
2851 3113 3214 3199 probatio-

754 3222 974 3290 nibus
1022 3223 1238 3290 certis
1291 3243 1334 3292 a
1384 3223 1589 3294 curia
1638 3222 2040 3310 episcopali
2090 3229 2164 3292 et
2227 3241 2267 3291 a
2320 3218 2714 3290 defensore
2762 3219 3213 3290 matrimonii

750 3330 1101 3398 admissis
1147 3334 1436 3400 constet
1478 3331 1809 3417 primum
1861 3329 2427 3399 matrimonium
2489 3327 2606 3396 vel
2656 3333 2962 3414 propter·
3025 3327 3215 3415 biga·

758 3438 978 3506 mian]
1026 3437 1326 3506 alterius
1360 3438 1621 3524 partis,
1661 3436 1776 3506 vel
1812 3440 2117 3524 propter
2151 3434 2399 3505 cultus
2439 3433 2946 3521 disparitatem
2983 3431 3219 3503 fuisse

754 3554 950 3614 certe
986 3545 1306 3630 nullum,
1341 3544 1738 3633 requiritur·
1765 3562 1860 3612 ne
1884 3543 2280 3630 appellatio
2309 3540 2724 3612 defensoris
2755 3547 2829 3611 et
2857 3540 3215 3609 iudicium

758 3654 826 3722 in
862 3653 1191 3722 secunda
1228 3652 1573 3721 instantia
1603 3671 1644 3720 a
1667 3650 2064 3720 Benedicto
2098 3650 2291 3738 XIV>
2313 3649 2856 3737 praescriptum
2910 3648 2981 3714 in
3034 3667 3216 3718 casu

754 3766 850 3830 de
914 3762 1237 3832 nullitate
1299 3760 1747 3828 matrimonii
1794 3760 1867 3826 in
1913 3756 2095 3828 facie
2142 3758 2519 3827 Ecclesiae
2553 3756 2744 3824 initi?
2793 3759 2909 3824 An
2946 3755 3222 3824 sufficit

758 3878 954 3938 certe
1010 3873 1350 3937 constare
1398 3867 1725 3952 primum
1780 3864 2341 3934 matrimonium
2390 3861 2621 3932 fuisse
2667 3861 3016 3931 absolute
3067 3861 3219 3929 nul·

758 3978 938 4058 lum}
974 3978 1064 4042 ita
1095 3984 1179 4043 ut
1208 3973 1414 4043 nulla
1446 3973 1863 4061 requiratur
1893 3972 2229 4040 secunda
2259 3970 2601 4039 instantia
2634 3974 2707 4037 et
2740 3969 3148 4037 iudicium?
3182 3989 3216 4031 »

758 4122 802 4130 d
850 4086 1075 4154 Sami-a
1109 4081 1593 4169 Congregatio
1642 4081 1712 4150 S.
1749 4079 1983 4149 Officii
2032 4080 2151 4148 die
2181 4080 2272 4148 20
2308 4078 2549 4148 martii
2593 4079 2770 4147 1889
2804 4076 3224 4163 respondit:

898 4342 910 4374 ¹
962 4338 1108 4414 [lap.
1143 4354 1226 4395 ecc
1274 4337 1505 4392 litteris
1551 4331 1617 4400 4,
1647 4334 1726 4391 de
1773 4335 1846 4388 in
1879 4335 2212 4404 integrum
2259 4332 2687 4389 restitutione.
2755 4360 2827 4372 —
2880 4329 3042 4387 Vide
3095 4327 3230 4387 Pir-

766 4438 914 4514 hiug
962 4438 1002 4494 f.
1050 4452 1100 4493 c.
1151 4452 1221 4492 n.
1272 4433 1385 4493 51.

898 4534 918 4570 ‘³
969 4532 1327 4592 Benedictus
1373 4530 1524 4589 XIV
1565 4532 1763 4588 const.
1813 4528 1934 4586 Dei
1964 4529 2395 4585 miseratione
2437 4527 2475 4602 ἓ
2519 4527 2582 4584 8.
2629 4557 2705 4570 -
2764 4525 3076 4600 Append.
3136 4523 3222 4580 1⁶.

766 4634 826 4690 in
838 4634 950 4690 fra.
