3509 5317
670 521 848 584 -101-

148 663 295 733 cordiae
319 665 380 734 vel
405 665 454 733 ob
477 666 599 753 ipsam
625 666 724 735 litem
749 669 991 735 contestatam
1021 684 1090 753 pro
1110 666 1275 737 nullitate
1302 685 1378 735 ma-

147 771 319 851 trimonii,
345 772 456 842 timor
478 774 654 861 gravium
670 768 949 850 scandalorum,
967 772 1135 841 rixarum
1154 780 1189 842 et
1204 774 1376 858 caedum,

147 877 345 964 disparitas
368 879 586 966 quartanum
612 880 781 967 aliaeque
804 879 955 964 similes
989 898 1109 967 quum
1141 879 1217 950 iere
1241 899 1377 950 omnes

147 986 314 1055 recidant
337 986 372 1053 in
391 1005 548 1055 calisam
564 985 812 1075 implacabilis
828 985 905 1055 odii
921 988 1018 1055 tuter
1033 984 1218 1076 eoniupes,
1238 973 1376 1076 quippe

147 1110 246 1178 quae
270 1091 327 1161 vel
352 1098 442 1163 sunt
465 1094 577 1163 huius
600 1112 740 1164 causae
764 1094 920 1164 effectus
944 1096 1001 1163 vel
1026 1092 1146 1164 fontes
1171 1095 1228 1164 vel
1247 1095 1379 1182 proba·

147 1198 277 1280 tiones,
303 1216 467 1286 cunique
489 1201 650 1269 invicem
674 1202 945 1285 consocientur,
972 1202 1056 1269 bine
1073 1220 1139 1271 eos
1155 1220 1289 1272 omnes
1305 1202 1378 1269 sub

148 1302 256 1373 unica
283 1305 354 1374 hac
369 1324 484 1376 causa
502 1306 709 1377 aversionis
724 1306 842 1375 ammi
855 1308 1124 1395 comprehendi
1143 1327 1254 1395 posse
1278 1314 1377 1395 puto.

212 1413 269 1480 30.
295 1396 423 1499 ltaque
448 1433 497 1482 ex
525 1415 837 1484 communissima
874 1417 1076 1485 Doctorum
1109 1415 1300 1499 sententia,
1327 1418 1378 1485 uti

147 1521 305 1587 testatur
329 1519 475 1608 Ursaya
495 1519 505 1555 ¹
529 1521 683 1607 aliique,
707 1529 851 1590 certum
876 1528 949 1608 est,
977 1522 1107 1591 odium
1133 1522 1376 1609 implacabile,

147 1643 224 1711 quo
249 1626 408 1695 invicem
432 1628 613 1715 coniuges
637 1628 859 1715 alliciuntur,
885 1649 970 1699 esse
995 1630 1195 1718 legitimam
1221 1649 1378 1700 causam

147 1734 194 1803 ad
221 1733 518 1821 dispensandum
544 1750 660 1821 super
686 1735 833 1805 vinculo
857 1737 1082 1805 matrimonii
1107 1737 1171 1807 rati
1197 1756 1271 1806 non
1296 1755 1379 1805 con·

147 1841 340 1910 summati.
363 1879 387 1889 -
410 1842 449 1910 ln
476 1841 533 1911 bis
557 1843 658 1910 enim
682 1842 866 1913 adiunctis
889 1845 920 1912 si
944 1844 1125 1933 coniuges
1156 1852 1379 1933 cogerentur

147 1949 194 2017 ad
220 1949 457 2036 coniugalem
483 1950 629 2020 vivendi
654 1950 977 2038 consuetudinem,
1008 1952 1164 2023 crebrae
1188 1952 1293 2021 rixae
1325 1970 1379 2020 se

147 2066 354 2142 querentur
377 2061 413 2125 et
435 2057 674 2147 probabiliter
696 2059 849 2144 caedes;
874 2058 905 2126 si
931 2077 1020 2127 vero
1045 2059 1080 2126 in
1108 2078 1246 2129 aevum
1276 2078 1381 2146 sepa·

148 2162 215 2233 rati
242 2170 439 2232 manerent
461 2163 586 2234 adhuc
610 2170 759 2234 extante
782 2165 966 2253 coniugali
992 2164 1151 2252 foedere,
1177 2165 1212 2233 in
1242 2165 1380 2236 adulte·

148 2270 204 2349 ria
226 2268 399 2339 facillime
424 2276 583 2342 ruerent.
608 2273 710 2341 Haec
733 2277 857 2341 autem
883 2273 1008 2344 omnia
1034 2272 1182 2360 publica
1205 2279 1380 2360 parerent

147 2377 339 2463 scandala,
364 2378 510 2465 aliaque
533 2379 660 2467 gravia
686 2379 784 2450 mala
803 2391 838 2449 et
854 2381 1029 2466 pericula,
1046 2400 1144 2469 quae
1160 2400 1275 2468 saepe
1292 2398 1381 2448 non-

148 2485 217 2553 nisi
242 2485 433 2572 praedicta
456 2485 664 2573 pontificiae
688 2488 976 2574 dispensationis
996 2490 1112 2575 gratia
1137 2488 1271 2575 depelli
1299 2507 1381 2575 pos·

148 2604 247 2661 sunt.
273 2594 397 2673 Quare
422 2594 524 2663 hisce
548 2595 582 2662 in
608 2595 759 2663 casibus
783 2616 833 2664 ex
857 2596 1078 2666 necessitate
1102 2597 1234 2683 potius,
1261 2614 1378 2683 quam

149 2720 197 2769 ex
210 2701 396 2788 aequitate
409 2702 649 2771 concedenda
663 2710 720 2771 est
734 2702 971 2790 dispensatio.
999 2724 1017 2765 «
1034 2704 1078 2772 Et
1090 2703 1185 2772 sicut
1200 2721 1379 2773 excausa

151 2807 270 2890 «odii,
296 2812 336 2877 ut
358 2808 485 2877 scribit
509 2809 709 2897 Pignatelli
742 2808 970 2880 interdicitur
990 2811 1235 2893 cohabitatio,
1261 2812 1377 2879 immo

151 2936 262 2985 «non
295 2915 404 2985 datur
429 2916 606 2985 restitutio
638 2919 779 3002 uxoris,
811 2918 879 2987 sed
917 2916 957 2986 flt
981 2925 1158 3005 perpetua
1193 2920 1379 3006 separatio

152 3025 298 3092 «etiam
331 3025 367 3090 in
401 3023 640 3093 matrimonio
671 3031 947 3111 consummato
972 3025 1016 3094 ita
1042 3034 1079 3094 et
1102 3024 1137 3092 in
1175 3038 1254 3095 rato
1287 3025 1379 3093 haee

152 3130 321 3200 «eadem
347 3149 462 3201 causa
489 3149 625 3220 arpere
647 3129 755 3200 debet
777 3131 832 3201 ad
852 3130 1147 3220 dispensandum
1165 3154 1183 3195 »
1203 3130 1225 3200 ².

215 3240 271 3307 31.
297 3240 438 3308 Verum
467 3244 506 3307 ut
529 3239 622 3307 haec
644 3257 759 3308 causa
787 3259 854 3325 pro
880 3239 1156 3327 dispensatione
1180 3239 1380 3329 efficaciter

153 3347 282 3429 valeat,
319 3347 558 3433 probationes
588 3345 712 3415 afferri
744 3346 894 3433 debent,
926 3348 1065 3435 quibas
1096 3348 1196 3416 clare
1226 3352 1379 3432 constet,

151 3454 334 3524 eiusmodi
360 3455 473 3524 animi
506 3455 742 3524 aversionem
774 3473 843 3524 seu
869 3444 998 3523 odium
1027 3453 1107 3523 fore
1139 3454 1381 3541 implacabile.

152 3563 269 3630 Porro
294 3563 324 3629 si
351 3581 410 3631 ros
433 3572 566 3651 agatur
589 3563 684 3632 inter
707 3561 851 3632 nobiles
875 3567 911 3632 et
934 3567 1103 3649 potentes
1126 3561 1379 3647 seminasset

152 3669 244 3739 inter
269 3677 475 3757 magnates,
499 3669 655 3738 istorum
673 3670 833 3739 conditio
850 3688 917 3756 per
933 3688 975 3739 se
991 3672 1139 3755 sumpta
1159 3670 1248 3738 satis
1264 3676 1383 3738 osten·

152 3776 212 3864 dit,
239 3777 476 3864 probabiliter
500 3778 664 3867 extingui
691 3797 766 3847 non
797 3796 911 3865 posse
944 3777 1039 3862 odia,
1069 3777 1143 3845 imo
1176 3776 1380 3864 plurimum

153 3885 273 3954 timeri
292 3906 311 3946 a
327 3903 375 3953 ne
391 3884 666 3956 discordiarum
684 3886 827 3957 semina
846 3886 881 3953 in
899 3885 1087 3973 publicam
1104 3903 1150 3955 ac
1165 3885 1380 3953 diuturnam

156 3992 377 4080 «tranquilli
393 3996 513 4065 status
535 3994 790 4076 mutationem,
813 3998 925 4080 atque
948 3992 1067 4080 ipsius
1094 3991 1266 4079 publicae
1287 3993 1385 4079 qtrie

156 4099 237 4168 «tis
261 4100 567 4169 interversionem
595 4106 829 4186 erumpant»
856 4106 898 4168 ut
921 4101 1039 4187 probe
1062 4104 1165 4168 notat
1189 4099 1334 4185 Ursaya
1361 4096 1383 4183 ⁸,

154 4208 217 4293 qui
242 4206 352 4293 plura
374 4213 585 4293 opportuna
599 4206 707 4276 affert
718 4207 895 4294 exempla
907 4206 1227 4293 dispensationum
1242 4226 1263 4274 a
1281 4225 1382 4275 sum·

220 4446 327 4505 ¹Loc.
352 4450 409 4508 cit.
434 4449 571 4523 discept.
598 4445 654 4508 21.

221 4544 444 4621 ²Pignatelli:
471 4545 529 4606 lac.
553 4547 610 4604 cit.
636 4552 656 4601 t.
685 4543 714 4601 1.
738 4562 832 4605 eoae·
855 4543 930 4601 148.
955 4563 992 4603 a.
1016 4544 1048 4603 9.
1095 4580 1097 4587 η

222 4642 320 4703 ³Cit.
345 4651 366 4704 t.
392 4644 422 4701 3.
443 4650 535 4718 part.
563 4642 593 4700 2.
618 4642 755 4717 discept.
780 4641 837 4701 21.
863 4662 898 4704 a.
922 4644 989 4711 85.Ι
1105 4683 1109 4690 .
