3509 5317
690 522 844 584 -69-

151 658 204 727 sic
219 658 377 729 Caecilia
395 659 522 744 nupsit
537 659 739 729 Valeriano
756 660 882 730 adhuc
897 660 1052 746 ethnica,
1069 660 1215 730 Monica
1237 659 1384 728 Patritio

153 764 301 851 infideli,
318 765 481 836 Clotildia
504 767 580 854 regi
598 768 829 836 Francorum
855 768 1043 837 Clodoveo
1067 768 1193 837 adhuc
1217 785 1382 855 pagonm

153 874 242 960 quin
268 873 459 961 Scriptura
485 883 522 943 et
546 873 710 944 Ecclesia
739 874 925 944 eiusmodi
957 875 1190 944 matrimonia
1215 873 1388 944 concubi·

154 984 266 1049 natus
289 984 377 1050 nota
400 981 613 1067 inusserint,
640 981 697 1049 vel
723 984 832 1053 etiam
857 983 1151 1069 improbaverint
1167 981 1189 1049 ¹.

220 1091 254 1156 4.
278 1090 409 1177 Neque
432 1086 515 1158 iure
533 1089 695 1178 positivo
718 1088 843 1159 diuino
866 1092 1051 1161 eiusmodi
1075 1090 1384 1179 impedimentum

155 1195 291 1264 dirimit
315 1197 606 1267 matrimonium.
645 1199 735 1280 Quia
761 1200 936 1286 quamvis
961 1199 1032 1267 hoc
1056 1199 1136 1268 iure
1158 1196 1387 1288 prohibitum

155 1303 201 1371 sit
223 1303 514 1374 christianorum
540 1324 630 1375 cum
655 1304 867 1375 infidelibus
884 1307 1175 1391 matrimonium,
1202 1312 1241 1377 ut
1258 1327 1307 1377 ex
1326 1307 1387 1376 illo

156 1410 341 1497 Apostoli:
379 1410 502 1480 Nolite
526 1411 653 1500 lupum
677 1411 814 1482 ducere
848 1432 932 1483 eum
958 1411 1170 1503 infidelibus
1194 1413 1217 1501 ²,
1242 1414 1388 1483 nullum

156 1525 283 1588 tamen
308 1523 410 1588 extat
433 1520 698 1607 testimonium,
723 1539 772 1589 ex
788 1540 864 1609 quo
882 1523 1045 1608 eruatur,
1062 1523 1202 1591 nedum
1225 1522 1386 1592 illicitum

157 1627 223 1695 sed
249 1627 393 1696 irritum
427 1647 472 1697 eo
497 1630 576 1698 iure
609 1646 694 1697 esse
724 1628 797 1698 tale
821 1629 1122 1715 matrimonium,
1153 1630 1329 1717 quamvis
1353 1631 1389 1697 in

158 1752 258 1802 nova
283 1733 364 1822 lege
379 1735 548 1804 Christus
569 1736 850 1805 matrimonium
867 1736 915 1804 ad
933 1737 1157 1806 sacramenti
1174 1736 1389 1825 dignitatem

159 1842 326 1912 evexerit
342 1839 366 1909 ⁸.

224 1952 257 2018 5.
283 1950 363 2018 Hoc
386 1968 477 2038 ergo
501 1950 683 2019 dirimens
712 1951 1039 2039 impedimentum,
1067 1972 1116 2021 ex
1139 1952 1332 2021 communi
1357 1957 1394 2021 et

158 2062 257 2126 certa
274 2057 466 2142 sententia,
482 2056 564 2125 solo
582 2054 827 2126 eeclesiastico
840 2057 922 2128 iure
937 2059 1130 2128 inductum
1148 2063 1221 2146 est;
1239 2064 1275 2127 et
1290 2058 1392 2127 nullo

158 2162 318 2234 tortasse
342 2165 422 2233 iure
446 2164 594 2250 scriptu,
620 2164 686 2233 sed
707 2165 980 2235 consuetudine
996 2175 1032 2237 et
1047 2168 1154 2253 praxi
1171 2164 1393 2237 universalis

156 2272 367 2358 Ecclesiae,
394 2272 470 2340 vim
497 2271 588 2359 legis
613 2271 790 2341 irritantis
814 2271 974 2342 habente
1002 2270 1024 2340 ⁸.
1061 2273 1118 2342 Ad
1139 2292 1218 2342 rem
1244 2272 1394 2342 Benedi-

157 2385 239 2448 ctus
267 2379 357 2447 XIV
382 2375 394 2414 ⁵
429 2378 475 2447 de
502 2379 574 2447 hoo
602 2378 793 2448 disserens
817 2380 1086 2466 impedimento
1109 2379 1237 2449 docet:
1263 2379 1392 2449 «Cum

160 2486 468 2574 impedimentum
494 2485 583 2555 illud
608 2488 691 2556 iure
709 2487 891 2556 canonico
914 2492 1095 2557 statutum
1112 2505 1188 2556 non
1204 2484 1312 2556 luerit
1328 2487 1394 2572 (etr

162 2596 205 2679 §g
217 2591 416 2683 praeced),
438 2594 706 2681 perquiramus
723 2614 770 2665 an
788 2594 978 2663 communi
993 2593 1177 2664 Ecclesiae
1192 2592 1394 2663 catholicoe

162 2699 427 2771 consuetudine
451 2707 667 2790 artaceptum
697 2706 811 2791 utque
838 2701 1035 2778 firmotmu
1058 2704 1277 2772 inveniatur.
1313 2704 1393 2783 Qua

162 2810 314 2897 quidem
339 2809 375 2876 in
401 2827 441 2878 re
466 2828 600 2878 omnes
618 2809 792 2895 sentiunt,
810 2809 859 2878 ob
874 2810 998 2879 cultus
1017 2810 1269 2897 disparitatem
1296 2809 1394 2879 irrita

163 2918 398 2988 matrimonia
416 2915 511 3003 esse,
532 2935 608 2986 non
625 2914 777 3006 quidem
793 2914 876 2986 inre
892 2935 1091 2987 sacrorum
1107 2935 1309 3001 cononum,
1328 2915 1395 2984 sed

160 3024 329 3115 peperoli
352 3024 536 3095 Ecclesim
553 3045 674 3112 more,
704 3026 768 3113 qui
793 3026 965 3113 pluribus
979 3026 1115 3096 abhinc
1135 3024 1272 3095 seculis
1288 3026 1396 3114 viget,

162 3156 206 3206 ac
223 3135 298 3206 aim
314 3134 404 3224 lepis
420 3133 570 3205 obtinet.
588 3134 815 3205 Consulatur
836 3134 1042 3204 Cardinalis
1058 3133 1351 3203 Bellarminus....
1365 3155 1396 3199 ».

230 3246 262 3313 6.
288 3246 410 3330 Atque
434 3241 520 3312 inde
537 3243 706 3329 sequitur
729 3260 843 3329 posse
860 3243 1002 3330 Papam
1026 3243 1062 3309 in
1080 3243 1152 3309 hoc
1168 3239 1396 3326 dispensare,

164 3358 203 3422 ut
218 3351 342 3421 fidelis
368 3351 648 3420 matrimonium
667 3350 867 3419 contrahat
882 3368 968 3419 cum
988 3347 1136 3432 infideli,
1161 3354 1196 3416 et
1211 3345 1307 3416 licite
1323 3347 1399 3435 qui-

164 3462 250 3531 dem
277 3460 307 3528 si
332 3459 460 3548 gravis
485 3463 618 3546 urgeat
642 3477 769 3544 causa,
794 3462 830 3527 et
853 3456 1107 3545 perversionis
1131 3462 1322 3542 praeterea
1340 3473 1400 3541 pe·

164 3568 325 3637 rioulum
361 3570 439 3635 tarn
467 3566 503 3634 in
527 3565 687 3653 coniuge
712 3581 831 3651 quam
855 3564 891 3630 in
918 3562 1041 3631 liberis
1064 3566 1242 3630 caveatur
1266 3558 1289 3629 ⁶.
1327 3560 1402 3629 Sci-

166 3676 249 3744 licet
265 3694 313 3743 ex
331 3674 501 3760 pluribus
518 3671 836 3756 instructionibus
853 3689 952 3759 quae
969 3669 1154 3738 habentur
1170 3668 1281 3737 etiam
1299 3667 1398 3754 apud

237 3960 246 3997 ¹
269 3959 406 4037 Pirhing
423 3962 443 4018 l.
462 3977 489 4018 c.
503 3989 541 4004 -
554 3958 723 4019 Laurenius
740 3958 793 4016 lid.
813 3957 844 4015 4.
864 3959 911 4015 tit.
933 3956 962 4014 1.
980 3962 1103 4032 quaeat.
1127 3953 1202 4012 115.
1222 3972 1255 4011 a.
1277 3952 1304 4011 1.

234 4059 247 4097 ²
269 4058 301 4118 2.
327 4058 397 4118 Cor.
423 4058 454 4117 6.

234 4158 335 4218 ³Glr.
359 4160 490 4218 Lauren.
518 4157 538 4215 l.
563 4175 588 4216 c.
615 4174 651 4215 n.
676 4153 708 4214 2.

235 4260 248 4297 ⁴
271 4257 409 4318 Sanchez
434 4256 487 4315 lib.
509 4256 541 4314 7.
559 4257 643 4330 disp.
661 4253 716 4313 71.
736 4273 796 4312 nn.
818 4249 951 4321 7-8;-
967 4251 1102 4327 Pirhing
1125 4252 1145 4307 l.
1164 4269 1255 4318 c.,·-
1271 4249 1401 4308 Lauren.

171 4358 191 4416 l·
215 4377 247 4493 οὲ
268 4355 428 4514 gauzlini.
445 4453 519 4514 XIV
543 4453 649 4513 Oonst.
666 4451 847 4524 Stupulori
866 4449 967 4506 Nobis
988 4445 1055 4526 (seu
1068 4441 1407 4520 ContiauoadoEllu)

168 4555 228 4614 diei
253 4551 376 4628 9sebr.
406 4549 496 4608 1749
518 4550 557 4611 ad
579 4550 777 4610 Gordinalem
799 4549 1034 4617 Eboracensem,
1058 4546 1077 4620 g
1104 4546 1156 4604 10.
1263 4577 1267 4582 -

176 4683 180 4689 ·
236 4655 249 4692 ⁶
271 4652 411 4712 Sanchez
434 4652 456 4709 l.
479 4670 523 4718 e.,·
538 4682 575 4695 -
593 4650 729 4725 Pirhing
752 4649 774 4707 l.
798 4666 840 4716 c.;
855 4677 893 4690 -
909 4647 1041 4705 Lauren.
1067 4646 1087 4703 l.
1112 4661 1139 4704 c.
1164 4663 1198 4702 n.
1224 4646 1256 4704 3.
