3509 5317
1749 576 1826 589 -
1873 529 1992 604 138
2030 577 2107 589 -

705 700 742 743 «
775 686 906 766 est,
957 680 1230 756 animis
1277 681 1667 750 hominum
1721 700 1812 751 ac
1844 682 2226 751 sententiis
2265 683 2339 750 in
2374 682 2669 752 diversa
2706 682 3159 751 distractis...

704 807 742 850 «
773 787 1083 875 Negotio
1119 797 1411 858 mature
1443 807 1841 876 perpenSO,
1879 788 2384 878 omnibusque
2417 790 2792 858 rationum
2825 807 3159 857 momen-

704 894 865 962 «tis
928 893 1098 964 hinc
1164 895 1336 965 inde
1399 896 1664 967 sedulo
1728 895 2010 965 libratis
2076 896 2469 982 (Sanctitas
2524 895 2704 981 Sua)
2760 896 3167 966 declaravit

701 996 740 1065 ’«
772 1003 1194 1090 statuitque,
1245 1002 1716 1073 matrimonia
1774 1004 1844 1072 in
1895 1002 2107 1072 dictis
2155 1002 2550 1074 foederatis
2601 1003 2827 1093 Belgii
2876 1004 3167 1093 provin-

705 1129 742 1172 «
773 1109 905 1177 ciis
953 1110 1141 1179 inter
1187 1111 1601 1180 haereticos
1651 1130 1896 1199 usque
1943 1111 2171 1181 modo
2219 1117 2633 1198 contracta,
2697 1117 3048 1200 quaeque
3092 1113 3160 1179 in

704 1238 742 1279 «
775 1223 1164 1305 posterum
1213 1219 1771 1307 contrahentur,
1822 1218 2111 1288 etiamsi
2145 1218 2385 1289 forma
2422 1240 2465 1289 a
2499 1219 2928 1290 Tridentino
2966 1239 3166 1307 prae-

704 1347 742 1388 «
773 1327 1044 1413 scripta
1103 1344 1255 1394 non
1303 1324 1521 1396 fuerit
1580 1328 1651 1395 in
1701 1328 1790 1396 iis
1845 1327 2314 1397 celebrandis
2360 1335 2694 1414 servata,
2757 1325 3162 1397 dammodo

704 1454 742 1495 «
774 1431 986 1502 aliud
1039 1452 1187 1501 non
1247 1432 1486 1502 obstet
1530 1432 1973 1504 canonicam
2018 1433 2659 1523 impedimentum,
2714 1454 2852 1523 pro
2902 1433 3161 1505 validis

704 1561 742 1602 «
777 1539 1128 1609 habenda
1170 1559 1343 1611 esse
1378 1562 1414 1605 »
1455 1540 1499 1608 ².

836 1647 1049 1728 Quod
1103 1666 1280 1716 vero
1329 1654 1617 1735 spectat
1660 1647 1752 1719 ad
1806 1646 1892 1719 ea
1942 1647 2285 1744 coniugia
2352 1669 2549 1738 quae
2598 1650 2870 1737 pariter
2934 1650 3008 1717 in
3057 1649 3167 1718 iis-

699 1754 876 1824 dem
923 1752 1318 1824 foederatis
1368 1754 1590 1842 Belgii
1642 1756 2045 1843 provinciis
2092 1757 2660 1825 contrahuntur„
2696 1778 2740 1828 a
2788 1754 3164 1826 catholicis

701 1880 872 1930 cam
903 1859 1294 1931 haereticis
1326 1881 1674 1950 quaeque
1705 1861 1962 1932 mixta
1992 1864 2360 1948 dicuntur,
2395 1900 2442 1913 -
2477 1886 2515 1927 «
2548 1864 2610 1932 si
2644 1862 2830 1934 forte
2863 1864 3161 1952 aliquod

706 1990 744 2031 «
779 1969 1005 2038 huius
1029 1971 1333 2058 generis
1360 1971 1942 2058 matrimonium,
1970 1971 2375 2040 Tridentini
2400 1969 2645 2041 forma
2671 1991 2819 2040 non
2846 1980 3163 2059 servata,

706 2076 1050 2146 «ibidem
1100 2081 1563 2146 contractum
1617 2079 1763 2148 iam
1799 2079 1910 2165 sit,
1959 2087 2092 2148 aut
2134 2079 2205 2146 in
2249 2086 2635 2167 posterum
2688 2079 2916 2167 (quod
2966 2081 3167 2149 Deus

706 2206 744 2247 «
774 2185 1082 2267 avertat)
1132 2184 1467 2254 contrahi
1515 2186 1913 2273 contingat,
1963 2184 2293 2257 declarat
2322 2186 2686 2257 Sanctitas
2717 2186 2893 2272 Sua,
2930 2187 3171 2256 matri-

706 2314 744 2386 «
779 2292 1119 2360 monium
1171 2290 1638 2378 huiusmodi,
1689 2292 1833 2362 alio
1865 2310 2031 2361 non
2081 2305 2576 2363 concurrente
2622 2294 2987 2363 canonico
3036 2294 3168 2361 im-

709 2421 743 2463 «
780 2397 1224 2485 pedimento‚
1275 2398 1607 2467 validum
1658 2398 2095 2470 babendum
2137 2419 2326 2484 esse,
2377 2406 2450 2470 et
2481 2406 2830 2470 neutrum
2870 2420 2971 2469 ex
3002 2420 3170 2471 con·

708 2528 744 2569 «
774 2506 1093 2595 iugibuS‚
1142 2505 1384 2575 donec
1431 2505 1616 2575 alter
1647 2525 1915 2575 eorum
1949 2509 2469 2595 supervixerit,
2523 2509 2892 2578 ullatenus
2943 2527 3168 2596 posse

708 2634 746 2677 «
777 2614 924 2683 sub
970 2614 1275 2683 obtentu
1322 2612 1561 2683 dictae
1609 2611 1897 2683 formae
1945 2632 2094 2683 non
2144 2621 2524 2702 servatae,
2587 2634 2874 2686 novum
2927 2617 3169 2687 matri-

708 2741 745 2784 «
781 2722 1119 2789 monium
1167 2721 1350 2790 inire
1385 2742 1421 2785 »
1459 2719 1506 2788 ².

840 2828 1173 2915 ldipsum
1223 2826 1561 2897 Pontifex
1608 2826 1941 2899 declarat
1984 2832 2209 2916 atque
2258 2828 2590 2900 decernit
2650 2830 2744 2900 de
2793 2831 3166 2900 eiusmodi

704 2935 1197 3005 matrimoniis
1242 2936 1641 3005 contractis
1700 2934 1797 3003 ab
1847 2935 1935 3004 iis
1996 2936 2122 3023 qui
2172 2936 2442 3007 addicti
2491 2944 2669 3007 sunt
2727 2929 3167 3009 militaribus

703 3044 956 3130 copiiS,
1007 3062 1204 3131 quae
1251 3042 1349 3112 ab
1396 3042 1678 3112 eisdem
1732 3039 2131 3111 foederatis
2181 3043 2585 3114 Ordinibus
2629 3047 3027 3125 transmitti
3057 3065 3170 3115 so-

706 3149 857 3220 lent
915 3148 1011 3219 ad
1073 3148 1606 3218 custodiendas
1679 3149 2281 3238 muniendasque
2340 3170 2557 3221 arces
2626 3153 3166 3240 conterminae,

702 3256 1121 3325 dummodo
1158 3259 1472 3342 uterque
1487 3255 1785 3324 ‘coniux
1817 3255 1913 3324 ad
1941 3256 2249 3325 easdem
2277 3259 2535 3345 copias
2568 3258 2949 3345 pertineat.
2985 3258 3167 3329 Item

704 3362 1075 3432 eiusmodi
1121 3362 1713 3433 Declarationem
1762 3362 2154 3449 complecti
2208 3363 2434 3434 voluit
2482 3365 2953 3435 matrimonia
3002 3370 3171 3435 con-

703 3475 935 3539 tracta
1022 3469 1090 3536 in
1172 3468 1461 3538 civitate
1546 3466 1867 3538 Traiecti
1949 3471 2045 3541 ad
2116 3473 2408 3542 Mosam
2436 3526 2454 3558 ,
2532 3491 2619 3541 ea
2692 3472 3168 3558 potissimum

706 3576 1022 3660 ratione,
1084 3576 1258 3663 quia
1321 3576 1578 3645 civitas
1626 3578 1888 3647 Mosae
1936 3579 2427 3649 Traiectensis
2487 3585 2647 3652 erat
2691 3596 2782 3648 eo
2829 3582 3170 3666 tempore

707 3701 821 3752 «a
872 3681 1283 3769 Republica
1330 3681 1890 3752 foederatorum
1939 3683 2337 3771 Ordinum,
2402 3684 2755 3772 quamvis
2807 3703 2959 3752 non
3006 3683 3170 3754 iare

705 3786 1056 3873 dominii,
1123 3789 1256 3858 sed
1314 3793 1605 3858 tantum
1662 3789 2352 3878 oppiqnoracionis,
2421 3805 2502 3860 ut
2560 3792 2801 3876 aiunt,
2864 3793 3169 3876 nomine

705 3913 1065 3982 possessa
1099 3917 1137 3959 2>
1175 3893 1220 3962 ⁸.
1285 3896 1548 3966 Postea
1601 3914 1780 3966 vero
1855 3898 1999 3984 (an.
2058 3899 2257 3984 1844)
2331 3905 2640 3970 extensa
2688 3896 2823 3968 fuit
2868 3898 3165 3969 benedi-

703 4002 896 4071 ctina
946 4001 1346 4071 declaratio
1395 4004 1615 4074 etiam
1664 4001 2251 4074 adsabarbiam
2301 4005 2370 4074 S.
2408 4003 2643 4090 Petri,
2699 4010 2779 4073 ut
2825 4024 3013 4074 mox
3046 4024 3170 4075 no-

702 4107 998 4177 tabitur.

845 4351 861 4407 i
907 4370 1029 4430 Cit.
1079 4373 1290 4431 Const.
1338 4388 1443 4429 seu
1486 4368 1805 4431 Declarat.
1851 4372 1889 4446 ἓ
1931 4371 1998 4430 2.

841 4470 865 4507 ³
909 4469 1033 4529 Oit.
1082 4469 1401 4529 Declarat.
1449 4470 1486 4543 ἓ
1533 4468 1597 4528 3.

833 4569 857 4606 ³
902 4567 1054 4628 Ibid.
1104 4567 1251 4649 §4³
1311 4647 1314 4651 .
