3509 5317
889 507 1068 567 ..468-

361 651 563 735 utrumque
586 650 815 738 quandoque
842 648 1078 718 matrimonio
1113 643 1334 733 copulatum
1369 643 1497 731 luisse,
1534 650 1604 714 aut

360 752 574 841 professum
597 757 632 823 in
658 756 779 845 aliquo
812 757 990 845 religione
1025 753 1243 841 approbata,
1286 751 1342 821 vel
1376 752 1603 838 suscepisse

307 926 313 943 ,
360 861 523 949 aliquem
547 882 596 932 ex
619 863 812 932 ordinibus
835 864 895 934 cui
919 863 1067 933 adnexa
1094 862 1141 929 sit
1179 859 1240 929 lex
1276 859 1500 944 caelibatus,
1538 860 1601 929 vel

361 969 433 1039 alio
457 970 723 1056 impedimento
749 970 1028 1040 matrimonium
1046 969 1240 1037 dirimente
1256 984 1343 1036 esse
1365 965 1601 1037 obstrictum.

361 1074 398 1144 δί
423 1074 470 1144 ad
496 1076 588 1145 haec
612 1077 783 1165 negative
806 1077 1075 1165 responderint,
1101 1076 1376 1161 interrogentur
1408 1074 1455 1143 de
1479 1092 1600 1143 causa

361 1182 545 1269 scientiae,
570 1192 607 1254 et
628 1202 678 1253 an
702 1184 749 1253 sit
771 1183 904 1254 saltem
931 1182 1105 1270 possibile
1142 1186 1182 1250 ut
1211 1180 1391 1261 alteruter
1424 1179 1603 1249 habuerit

363 1308 534 1376 rrxurem,
558 1290 616 1359 vel
643 1294 828 1377 maritum,
852 1297 917 1360 aut
940 1290 1039 1360 aliud
1065 1289 1387 1376 impedimentum,
1420 1287 1523 1374 quod
1549 1287 1602 1355 ab

362 1396 453 1482 ipsis
475 1396 631 1466 testibus
655 1399 855 1486 ignoretur.
881 1398 919 1468 Si
941 1397 1202 1485 responderint
1217 1395 1448 1480 affirmative,
1465 1413 1602 1482 super·

362 1504 553 1591 sedeatur,
578 1506 648 1574 nisi
675 1526 725 1575 ex
758 1506 839 1575 aliis
874 1507 1029 1576 testibus
1064 1505 1293 1574 contrarium
1331 1490 1622 1573 concludenter'

362 1610 549 1697 probetur.
575 1611 613 1680 Si
638 1632 727 1682 vero
751 1613 1011 1701 responderint
1035 1612 1217 1700 negative,
1243 1610 1519 1697 interrogentur
1551 1608 1603 1678 de

110 1724 181 1807 ,χ’
255 1796 258 1803 Κ
363 1736 477 1787 causa
502 1719 685 1805 scientiae,
711 1739 760 1789 ex
784 1740 857 1808 qua
884 1719 1018 1790 deinde
1041 1719 1216 1809 colligere
1240 1719 1381 1806 poterit,
1405 1736 1454 1789 an
1472 1717 1603 1787 liuius

364 1826 464 1895 modi
489 1826 643 1896 testibus
666 1826 762 1897 lides
785 1829 831 1896 sit
853 1827 1076 1897 adhibenda.
1101 1826 1138 1896 Si
1164 1824 1441 1913 responderint,
1465 1831 1605 1912 nuptu·

363 1934 500 2004 rientes
523 1934 701 2004 habuisse
726 1954 886 2005 uxorem
913 1934 969 2005 vel
995 1935 1181 2018 maritum,
1206 1934 1274 2004 sed
1300 1952 1386 2003 esse
1415 1940 1603 2018 mortuos,

363 2042 636 2128 interrogentur
659 2041 706 2110 de
731 2043 811 2111 loco
835 2047 872 2110 et
895 2049 1063 2129 tempore
1086 2059 1162 2129 quo
1186 2046 1274 2111 sunt
1291 2040 1441 2124 mortui,
1457 2044 1494 2108 et
1509 2058 1605 2127 quo·

364 2147 478 2217 modo
501 2157 537 2218 et
560 2149 660 2218 unde
684 2150 802 2219 sciant
825 2167 892 2220 eos
914 2148 1030 2219 luisse
1053 2149 1273 2218 coniunctos
1296 2152 1333 2217 et
1349 2147 1602 2234 respectivam

364 2273 496 2324 eorum
522 2273 680 2324 uxorem
706 2255 764 2325 vel
791 2257 966 2326 maritum
984 2275 1069 2325 esse
1087 2261 1266 2346 mortuos.
1288 2254 1326 2325 Si
1345 2254 1607 2342 respondeant

364 2367 535 2430 mortuos
551 2380 636 2431 esse
647 2362 683 2429 in
697 2361 821 2449 aliquo
838 2362 1019 2449 hospitali,
1034 2362 1091 2432 vel
1104 2381 1146 2430 se
1163 2361 1300 2430 vidisse
1318 2379 1386 2431 eos
1400 2360 1549 2447 sepeliri
1564 2362 1603 2428 in

364 2469 487 2556 aliqua
504 2474 602 2539 certa
619 2468 786 2555 ecclesia,
800 2476 865 2540 aut
880 2471 1114 2554 coemeteria,
1132 2486 1206 2537 non
1225 2469 1337 2539 detur
1348 2468 1493 2538 licentia
1512 2486 1605 2537 con·

109 2582 143 2667 [t⁴
169 2668 173 2677 ,
253 2566 261 2585 ³
296 2616 301 2617 ν
364 2575 543 2655 trahendi,
558 2576 626 2645 nisi
642 2578 747 2665 prius
771 2582 920 2662 recepto
944 2577 1152 2647 testimonio
1177 2576 1391 2646 authentico
1415 2582 1604 2647 erectore

365 2681 567 2769 hospitalis
591 2682 627 2751 in
645 2701 720 2770 quo
737 2683 913 2770 praedicti
930 2682 1182 2768 decesserunt,
1200 2683 1258 2752 vel
1279 2700 1304 2750 a
1327 2689 1469 2751 rectore
1485 2682 1604 2751 eccle

364 2791 442 2859 siae
458 2795 523 2858 aut
537 2789 757 2875 coemeterii,
774 2791 811 2858 in
827 2808 903 2877 quo
921 2791 1074 2859 humata
1086 2788 1238 2860 luerunt
1250 2806 1383 2859 eorum
1399 2788 1602 2859 cadavera.

364 2895 401 2965 Si
420 2904 544 2966 tamen
561 2896 776 2966 huiusmodi
794 2898 1002 2967 testimonia
1019 2897 1148 2966 haberi
1164 2916 1240 2966 non
1259 2903 1430 2985 possunt,
1447 2915 1523 2966 non
1537 2914 1603 2965 ex-

365 3006 566 3075 cluduntur
582 3004 676 3075 aliae
692 3005 939 3091 probationes,
957 3024 1055 3092 quae
1071 3004 1119 3074 de
1135 3006 1216 3074 iure
1231 3005 1426 3073 communi
1441 3012 1603 3091 possunt

365 3110 515 3198 admitti,
529 3111 737 3181 dummodo
755 3114 828 3181 sint
847 3112 1030 3199 legitimae
1051 3120 1085 3182 et
1101 3111 1343 3181 sufficientes.
1370 3112 1602 3201 lnterrogen-

366 3229 424 3286 tur
447 3219 609 3305 insuper,
627 3237 674 3288 an
691 3226 777 3305 post
799 3227 958 3289 mortem
976 3220 1190 3289 alterutrius
1210 3221 1386 3307 coniugis
1403 3219 1450 3289 ad
1468 3238 1603 3290 secun-

365 3324 415 3394 da
431 3330 517 3395 vota
541 3326 770 3412 transierint3
795 3333 832 3396 et
853 3332 1040 3414 quatenus
1064 3327 1245 3415 negative,
1266 3346 1315 3397 an
1330 3324 1410 3396 fleri
1430 3327 1601 3415 potuerit,

366 3438 407 3502 ut
421 3433 553 3521 aliquis
569 3452 619 3502 ex
634 3432 704 3501 illis
728 3433 912 3503 transierit
934 3434 982 3501 ad
1006 3433 1171 3503 secunda
1192 3440 1288 3519 vota,
1312 3452 1411 3521 quae
1435 3433 1484 3502 ab
1509 3434 1602 3521 ipsis

365 3540 519 3610 testibus
541 3542 778 3628 ignorentur;
803 3546 840 3609 et
854 3547 1041 3627 quatenus
1056 3540 1279 3612 affirmative
1304 3543 1603 3630 supersedeatur

365 3646 565 3733 alluentia,
590 3646 710 3716 donec
740 3645 995 3732 producantur
1030 3655 1153 3734 testes
1190 3667 1257 3736 per
1292 3666 1391 3736 quos
1426 3650 1599 3738 negativa

365 3758 574 3822 coarctetur
596 3752 870 3822 concludenter.
907 3752 943 3821 st
978 3772 1068 3823 vero
1099 3756 1295 3842 negative,
1326 3756 1603 3843 interrogentur

366 3861 413 3930 de
436 3878 553 3930 causa
577 3861 760 3945 scientiae,
785 3878 859 3947 qua
897 3879 1082 3947 perpensa
1119 3861 1233 3931 iudex
1270 3863 1402 3948 poterit
1435 3863 1603 3934 iudicare

365 3966 482 4060 ausit
505 3964 744 4035 concedenda
770 3966 923 4051 licentia,
949 3985 1078 4037 necne.

433 4073 567 4169 Datum
592 4074 737 4144 Romae
760 4073 819 4142 die
841 4076 887 4142 29
909 4075 1059 4163 augusti
1083 4094 1145 4144 an.
1169 4076 1210 4143 D.
1236 4077 1336 4146 1890.

996 4289 1038 4357 R.
1063 4289 1173 4359 Caan.
1198 4290 1405 4361 MONACO.
