3509 5317
702 518 882 578 „229-

173 654 356 741 inspectis
371 655 593 742 corporibus
614 660 692 724 tum
718 655 885 725 mulieris
907 666 989 724 tam
1014 654 1100 737 viri,
1125 654 1327 741 auditoque
1350 654 1411 721 ob-

173 761 369 831 stetricum
396 762 677 849 periturumque
709 761 844 831 iudicio
868 770 947 831 tum
978 780 1094 848 super
1121 761 1326 849 integritate
1348 759 1411 828 So-

174 869 299 955 phiae,
313 875 392 939 tum
410 888 526 957 super
538 876 679 939 asserta
694 869 812 938 mariti
826 868 1052 957 impotentia,
1065 887 1111 937 ac
1122 868 1273 938 tandem
1288 886 1411 936 serva-

175 974 225 1044 tis
240 974 433 1063 diiigenter
448 975 625 1044 omnibus
639 976 730 1061 aliis,
746 994 846 1062 uuae
861 996 883 1045 a
898 975 1133 1046 Benedielina
1147 974 1410 1044 Constitutione

176 1083 500 1170 praescribuntur,
516 1084 625 1155 Caria
643 1083 884 1181 Neapolitana
910 1083 1059 1154 tabulas
1083 1083 1346 1171 proeessuales
1362 1085 1408 1153 ad

175 1191 216 1260 S.
242 1192 279 1262 C.
305 1192 454 1277 remisit,
481 1210 556 1261 una
579 1190 690 1260 simul
717 1210 806 1261 cum
832 1190 1021 1260 nonnuliis
1046 1192 1203 1279 partiam
1229 1189 1411 1280 allegatio-

174 1300 304 1368 nibus.
432 1314 434 1319 “

251 1408 546 1495 «Praecipuum
577 1407 679 1496 qaod
705 1426 775 1495 pro
805 1406 963 1476 muliere
994 1412 1262 1491 argumentum
1286 1404 1410 1475 afferri

175 1516 309 1602 possit
334 1536 354 1585 a
380 1516 596 1586 certitudine
613 1514 894 1585 desumendum
917 1511 1106 1602 est'quae
1129 1514 1176 1582 de
1199 1513 1411 1600 impotentia

176 1623 250 1691 viri
274 1623 427 1692 obtineri
446 1625 578 1693 valeat.
593 1624 705 1710 Atqui
718 1623 766 1691 de
782 1622 933 1691 loannis
946 1621 1157 1708 impotentia
1184 1620 1412 1690 antecedenti

174 1736 217 1799 et
241 1740 419 1817 perpetua
444 1729 579 1800 adesse
603 1729 861 1800 certitudinem
879 1734 1120 1799 asseveratur
1143 1731 1179 1797 in
1204 1749 1317 1816 supra
1339 1748 1414 1799 me-

176 1839 338 1907 moratis
361 1836 666 1926 allegationibus3
691 1840 773 1926 ipso
798 1838 895 1906 enim
930 1837 1069 1907 Ioanne
1092 1836 1243 1921 fatente,
1268 1845 1410 1906 eertum

176 1966 268 2016 esse
296 1946 442 2031 dicitur,
475 1967 562 2017 eum
588 1967 609 2015 a
643 1942 775 2034 primis
805 1946 1009 2033 pubertatis
1040 1946 1148 2015 annis
1179 1949 1414 2017 contraxisse

176 2054 343 2124 mollitiei
362 2055 501 2123 vitium.
518 2054 667 2124 Certum
683 2055 819 2149 pariter
836 2068 922 2121 esse
938 2052 1185 2141 subiungitur,
1204 2055 1303 2142 quad
1327 2074 1415 2143 qua-

177 2161 390 2231 tuordecim
407 2179 595 2230 annorum
612 2166 771 2231 aetatem
789 2160 984 2248 attingens,
1002 2179 1074 2247 ope
1098 2162 1249 2247 pessimi
1274 2162 1413 2249 famuli,

176 2265 419 2354 frequentare
442 2270 604 2356 caeperit
621 2269 902 2356 prostitutarum
920 2268 1120 2336 mulierum
1145 2269 1293 2339 domus.
1311 2273 1415 2352 Quae

178 2374 285 2443 mala
303 2377 535 2446 consuetudo
552 2379 720 2447 exerevit
735 2376 861 2444 adbuc
876 2376 1086 2445 amicorum
1104 2377 1302 2445 consortio.
1322 2378 1416 2447 Hinc

181 2488 398 2552 contractae
416 2487 473 2551 tre
489 2482 585 2552 volte
600 2481 770 2551 maluttie
789 2501 957 2567 oeneree,
976 2502 1072 2569 quas
1097 2485 1333 2570 pertractavit
1347 2504 1416 2554 ron

176 2607 282 2678 poca
298 2589 508 2658 attencione
532 2609 552 2658 e
575 2609 692 2659 sensu
708 2608 802 2659 eura
822 2587 998 2659 radicale.
1025 2591 1118 2659 Hine
1141 2592 1210 2660 iter
1233 2592 1413 2661 Lutetiam

179 2698 452 2768 Parisiorama
478 2699 615 2768 Ioanne
632 2703 852 2785 susceptum
871 2698 1087 2767 huiusmodi
1113 2699 1287 2768 morbum
1313 2719 1416 2770 eura-

178 2813 303 2877 turus.
329 2808 422 2877 Hinc
445 2808 597 2895 vestigia
623 2807 748 2877 adhuc
771 2812 1019 2894 superextant
1056 2805 1117 2875 del
1151 2805 1245 2875 cisio
1279 2806 1416 2887 arroso

178 2918 264 2986 loeo
287 2936 307 2985 e
328 2916 390 2986 del
412 2916 582 3003 sirtlitico.
610 2918 703 2985 Hinc
726 2917 876 2998 tandem
904 2917 1058 2986 veniunt
1086 2916 1253 3002 dolores,
1278 2918 1417 3005 quibus

178 3036 273 3104 ante
303 3026 583 3098 matrimonium
607 3026 731 3112 ipsum
759 3025 919 3094 loannes
942 3022 1211 3111 afflictabatur,
1236 3044 1306 3095 nec
1340 3046 1414 3095 non

179 3133 432 3206 medicamina
458 3132 582 3201 omnia
608 3130 656 3200 ab
681 3130 815 3200 eodem
833 3136 1049 3200 constanter
1073 3138 1108 3201 et
1132 3132 1304 3202 inutiliter
1318 3134 1418 3203 adhi-

178 3238 399 3324 bita.‘Quae
422 3240 547 3308 omnia
572 3240 602 3307 si
627 3256 714 3307 cum
740 3236 874 3308 effectu
891 3239 1168 3325 coniungantur
1191 3239 1332 3327 pluries
1346 3246 1419 3309 ten-

180 3357 283 3425 tatae
307 3356 343 3421 et
364 3347 562 3419 frustratae
578 3345 736 3434 copulae
760 3346 977 3433 coniugalis,
995 3347 1128 3416 deesse
1149 3346 1278 3435 nequit
1300 3366 1420 3416 mora-

179 3467 232 3535 lis
255 3457 434 3531 certitudo
458 3456 505 3525 de
528 3456 699 3525 absoluta
725 3462 760 3523 et
785 3460 964 3541 perpetua
990 3455 1056 3521 viri
1081 3455 1306 3540 impotentia.

256 3590 275 3632 r
299 3569 343 3636 Et
365 3586 405 3635 re
428 3565 579 3653 quidem
606 3582 696 3631 vera
721 3561 926 3631 natandum
952 3560 1112 3631 mollitiei
1139 3565 1286 3651 vitiam,
1316 3573 1415 3657 quod

178 3677 368 3769 puerilem
398 3672 511 3742 inficit
540 3676 719 3755 aetatem,
745 3688 816 3739 nec
845 3688 921 3737 non
956 3672 1103 3740 veneris
1127 3673 1290 3760 abusus,
1316 3678 1415 3747 haud

180 3803 274 3857 raro
297 3782 552 3869 impotentiam
577 3777 801 3866 producunt.
819 3776 892 3846 Sed
912 3777 969 3846 his
986 3778 1165 3848 omnibus
1188 3787 1419 3866 praetermis-

179 3894 251 3975 sis
275 3889 366 3959 satis
390 3905 581 3974 superque
610 3885 799 3955 videretur
831 3903 917 3954 esse
943 3885 978 3953 in
1004 3904 1044 3954 re
1068 3889 1256 3973 praesenti
1279 3887 1417 3959 iactum

180 4003 311 4088 ipsum
337 3996 383 4065 de
407 4013 482 4064 non
504 4000 770 4064 consummato
789 3993 1044 4079 matrimonio,
1069 3994 1170 4081 quod
1195 3993 1342 4065 fulcitur
1358 3997 1420 4067 So-

180 4107 297 4197 phiae
318 4103 525 4175 testimonio
541 4121 629 4173 cum
655 4102 812 4190 septima
833 4121 961 4189 manu,
978 4122 1049 4173 nee
1064 4123 1138 4173 non
1153 4106 1286 4175 iudicio
1303 4108 1419 4177 obste-

179 4214 320 4287 tricum
338 4221 374 4282 et
390 4211 593 4298 peritorum
618 4228 734 4296 super
752 4210 981 4296 inspectione
997 4211 1173 4297 mulieris,
1199 4232 1296 4300 qaae
1314 4216 1417 4303 virgo

181 4327 331 4409 reperta
358 4325 423 4389 est.
453 4319 561 4399 Quod
586 4335 631 4386 ea
656 4318 777 4405 magis
802 4317 1037 4387 retinendum
1071 4319 1216 4389 videtur
1239 4322 1275 4389 in
1306 4341 1416 4405 casu,

181 4444 275 4497 curn
299 4431 386 4514 post
408 4425 517 4493 binos
540 4424 616 4494 lere
639 4443 761 4495 annos
786 4426 947 4495 loannes
970 4444 1059 4514 erga
1090 4426 1263 4496 iuvenem
1289 4436 1326 4498 et
1351 4427 1419 4498 lor-

182 4551 338 4605 mosam
361 4552 492 4602 amore
516 4538 553 4602 et
575 4532 759 4602 desiderio
776 4533 929 4619 illectus,
952 4534 1158 4603 constantia
1184 4541 1219 4602 et
1242 4534 1419 4631 omnibus

183 4643 313 4712 modis
344 4641 521 4729 copulam
554 4641 756 4725 tentaverit,
789 4642 877 4728 quin
910 4641 1010 4710 aliud
1041 4650 1277 4728 operaretur,
1302 4663 1416 4731 quam
