3509 5317
1775 512 2080 574 —aop

697 652 1368 739 Schmalzgrueber
1433 649 1477 717 ¹.
1560 652 1763 721 Haec
1834 651 2032 720 enim
2094 649 2417 720 affinitas
2472 671 2624 722 non
2699 654 2976 726 inducit
3046 676 3155 744 ea,

701 765 996 847 propter
1035 779 1230 847 quae
1276 758 1460 830 alias
1509 759 2069 829 matrimonium
2116 759 2276 829 iure
2327 765 2637 832 naturae
2686 764 2974 832 irritum
3024 770 3152 852 est,

696 866 882 935 stab
907 868 1229 935 Auctore
1264 872 1577 936 naturae
1626 866 1962 935 humano
2015 884 2159 935 non
2211 886 2660 937 concessum
2697 872 2954 957 generi
2989 890 3155 941 cen·

693 977 896 1041 satur
943 970 989 1039 ².
2374 1012 2378 1015 ν

826 1082 930 1148 12.
982 1081 1168 1149 Hinc
1216 1081 1636 1167 quaesitum
1688 1078 1818 1149 fuit
1863 1098 1959 1148 an
2008 1080 2081 1147 in
2115 1081 2358 1176 primo
2401 1080 2774 1153 affinitatis
2807 1085 3051 1171 gradu
3086 1086 3154 1154 li·

697 1206 878 1257 neae
926 1194 1169 1257 rectae
1216 1206 1570 1256 summus
1593 1184 1934 1256 Pontifex
1958 1186 2398 1274 dispensare
2421 1191 2658 1277 possit
2694 1210 2829 1277 pro
2877 1194 3152 1279 nuptiis

693 1295 1239 1364 =.·nntrahendis.
1287 1333 1332 1342 -
1377 1297 1463 1363 Et
1511 1295 1800 1381 patroni
1825 1294 2018 1363 illius
2041 1296 2450 1365 sententiae
2474 1316 2670 1383 quae
2696 1296 2931 1383 docet,
2966 1300 3151 1369 eius·

697 1403 890 1471 rnodi
940 1404 1237 1489 nuptias
1296 1403 1702 1489 prohibitas
1759 1421 1932 1472 esse
1984 1402 2212 1471 videri
2260 1403 2355 1473 de
2416 1405 2577 1474 iure
2626 1411 2961 1492 naturae,
3013 1407 3150 1476 dis-

693 1530 1006 1595 pensare
1056 1530 1205 1580 non
1253 1529 1481 1598 posse
1529 1517 1949 1581 tenuerunt.
2013 1509 2442 1581 Contrariae
2509 1531 2685 1581 vero
2739 1517 3150 1584 sententiae

697 1623 1063 1701 Doctores
1114 1618 1455 1704 pluribus
1515 1618 1753 1687 allatis
1815 1618 2326 1707 gravibusque
2389 1619 2820 1705 rationibuS,
2883 1620 3149 1690 docue-

693 1729 891 1808 runt,
964 1733 1366 1794 romanum
1428 1724 1863 1795 Pontificem
1934 1725 2267 1812 plenaria
2315 1726 2592 1813 pollere
2662 1727 3144 1814 dispensandi

693 1837 1053 1915 potestate
1114 1834 1184 1900 in
1251 1834 1493 1919 primo
1554 1832 1929 1903 afflnItatis
1993 1833 2229 1903 lineae
2291 1842 2539 1903 rectae
2587 1835 2862 1922 gradu:
2913 1854 3142 1922 quam

689 1940 1126 2010 sententiam
1177 1938 1543 2009 veriorem
1592 1960 1762 2010 esse
1811 1942 1980 2010 dicit
2028 1941 2419 2027 Rigantius
2454 1939 2499 2007 ⁸.
2572 1941 2652 2010 ld
2701 1946 2956 2011 autem
3005 1943 3148 2011 col-

692 2045 833 2135 ligit
879 2054 1040 2116 tum
1086 2066 1185 2116 ex
1232 2048 1552 2118 Concilio
1584 2042 2029 2136 ‘AgathensL
2082 2048 2285 2136 quod
2336 2048 2719 2117 toleranda
2756 2050 3046 2118 censuit
3075 2057 3148 2119 et

689 2174 832 2221 nnn
882 2154 1357 2225 dissolvenda
1407 2156 1760 2243 coniugia
1805 2156 1975 2225 inita
2028 2174 2203 2225 cum
2253 2173 2581 2224 noverca
2615 2154 2731 2224 vel
2768 2156 3142 2244 privigna;

689 2271 840 2328 rum
882 2250 988 2331 'ex
1037 2262 1356 2332 Concilio
1419 2263 1939 2333 Aurelianensi
1991 2263 2082 2330 111
2149 2262 2290 2330 «in
2341 2280 2491 2349 quo
2551 2262 2936 2331 decretum
2987 2261 3139 2350 fuit,

685 2375 761 2435 ut
806 2366 1146 2438 infideles
1190 2370 1535 2438 conversi
1583 2370 1679 2439 ad
1725 2368 1957 2438 fidem
2008 2388 2162 2438 non
2224 2377 2668 2455 separentur
2701 2390 2738 2432 »
2792 2366 2815 2404 ⁸
2880 2389 3137 2457 quam-

689 2475 792 2543 vis
838 2474 910 2542 in
961 2475 1327 2545 eiusmodi
1375 2476 1616 2564 gradu
1667 2478 2225 2547 matrimonium
2259 2476 2787 2545 contraxerint.
2834 2514 2880 2523 -
2928 2477 3139 2547 Hanc

681 2583 998 2652 eandem
1046 2585 1510 2671 sententiam,
1560 2583 1652 2654 de
1702 2590 2064 2672 potestate
2126 2580 2503 2652 pontificis
2552 2584 2624 2649 in
2683 2583 2927 2670 primo
2988 2582 3142 2652 affi-

681 2690 918 2760 nitatis
967 2689 1204 2760 lineae
1265 2698 1508 2761 rectae
1564 2693 1808 2778 gradu
1879 2691 2382 2777 dispensandi,
2432 2696 2692 2760 secuta
2740 2696 2855 2759 est
2918 2708 3132 2760 sacra

677 2798 1181 2886 sznngregatio·
1212 2798 1284 2867 S.
1315 2799 1813 2885 Inquisitionis
1860 2810 1933 2868 et
1972 2797 2116 2867 alia
2149 2796 2614 2885 particularis
2647 2797 3140 2885 Congregatio

681 2907 923 2977 habita
978 2925 1236 2976 coram
1292 2907 1687 2976 Benedicto
1723 2906 1916 2991 XIII,
1961 2918 2041 2974 ut
2084 2905 2474 2992 Rigantius
2520 2905 2772 2974 itidem
2820 2902 3044 2974 refert
3089 2902 3132 2973 ⁵.

809 3016 914 3082 13.
964 3016 1060 3083 At
1107 3033 1284 3083 vero
1333 3014 1884 3100 perpendentes
1946 3013 2234 3082 romani
2304 3010 2703 3081 Pontifices
2750 3012 2952 3099 quod
3004 3014 3139 3100 pri-

685 3123 895 3207 zigna
947 3127 1293 3207 respectu
1343 3121 1591 3207 vitrici,
1643 3121 2033 3208 privignus
2083 3125 2431 3207 respectu
2466 3137 2858 3205 novercae,
2894 3137 3137 3189 nurus

681 3235 1017 3314 respectu
1064 3228 1323 3314 soceri,
1374 3246 1610 3317 gener
1658 3239 2005 3315 respectu
2040 3247 2329 3313 socrus,
2353 3225 2681 3296 filiorum
2715 3226 2878 3295 loco
2911 3227 3135 3296 habiti

677 3343 868 3421 sunt,
920 3336 1118 3404 unde
1144 3354 1242 3403 ex
1267 3335 1574 3422 nuptiali
1614 3336 2429 3425 eorumconiunctione
2453 3336 2770 3403 oriretur
2798 3335 3129 3404 maxima

677 3442 974 3527 quidem
1024 3452 1096 3512 et
1119 3442 1412 3529 publica
1447 3462 1623 3511 cum
1649 3442 2008 3513 scandalo
2042 3442 2421 3530 turpitudo
2448 3447 2672 3529 atque
2697 3442 3133 3528 indecentia,

677 3568 900 3635 ‘fluam
951 3556 1021 3619 et
1066 3551 1317 3637 ipsum
1364 3550 1577 3618 civile
1623 3550 1742 3618 ius
1789 3552 2092 3638 agnovit
2152 3550 2335 3619 dum
2398 3552 2699 3636 nuptias
2764 3550 2954 3619 inter
3002 3568 3139 3619 eas

678 3657 1039 3739 personas
1084 3656 1443 3725 celebrari
1496 3657 1908 3743 prohibuit:
1959 3657 2127 3726 hinc
2178 3657 2531 3745 quamvis
2578 3656 2860 3744 pluries
2908 3656 3132 3725 enixe

681 3764 928 3851 rogati,
975 3763 1073 3831 ab
1121 3764 1489 3832 eiusmodi
1538 3764 2095 3852 dispensatione
2127 3764 2612 3844 concedenda
2644 3783 2729 3833 se
2762 3763 3136 3834 abstinue-

681 4039 880 4105 innt„
927 4036 1197 4107 Rebell„
1247 4037 1527 4114 Castrop.
1574 4041 1694 4096 etc.
1743 4037 1929 4096 citati
1972 4056 2009 4095 a
2050 4037 2353 4095 Laurenio
2400 4037 2506 4094 lib.
2543 4034 2607 4093 4.
2644 4037 2739 4093 tit.
2782 4032 2890 4092 14.
2936 4052 3135 4111 quae-

672 4139 861 4193 xfa'on.
911 4134 1070 4192 231.
1119 4153 1189 4193 n.
1239 4135 1301 4193 2.

804 4234 824 4271 ¹
869 4233 999 4294 cfr.
1050 4235 1435 4311 Schmalzgr.
1489 4234 1596 4292 lib.
1646 4232 1708 4292 4.
1760 4235 1854 4292 tit.
1914 4232 2018 4291 14.
2069 4250 2137 4290 n.
2194 4231 2347 4289 103.

801 4332 824 4368 Β
869 4333 966 4392 Ita
1009 4332 1290 4410 Castrop.
1339 4333 1569 4392 cItatus
1613 4350 1650 4391 a
1691 4331 1994 4391 Leuranio
2042 4331 2084 4388 l.
2131 4348 2186 4388 e.
2247 4341 2249 4344 ’

802 4427 824 4464 ³
869 4430 1126 4504 Rigant.
1176 4431 1262 4486 ad
1307 4429 1517 4503 reyul.
1570 4427 1658 4484 49
1705 4429 2081 4487 Cancellar.
2131 4427 2353 4503 Apost.
2405 4445 2473 4483 n.
2522 4424 2613 4480 20
2657 4433 2720 4483 et
2757 4423 2928 4501 se'qq.

800 4529 823 4565 ⁴
868 4528 1202 4604 Rigantius
1248 4527 1361 4585 loc.
1409 4528 1541 4584 cit.=

800 4627 824 4661 ⁵
867 4625 1138 4683 Ibidem.
