3509 5317
1334 516 1692 575 -281-

431 655 525 725 Ut
566 654 788 741 igitur
848 653 987 722 dici
1052 653 1289 741 possit
1345 653 1763 724 haereticos
1825 671 1997 722 esse
2053 645 2450 739 exemptos
2497 671 2538 720 a
2593 650 2749 726 lene

300 761 687 831 tridentina
768 760 1089 830 irritante
1162 760 1626 831 clandestina
1686 759 2194 844 matrimonia,
2246 758 2414 827 inita
2480 776 2749 842 nempe

299 868 582 955 absque
631 869 1041 954 praesentia
1100 869 1400 953 parochi
1462 886 1552 937 ac
1603 869 1899 938 testium
1958 867 2028 934 in
2084 866 2259 936 locis
2308 865 2431 934 ubi
2474 870 2753 951 praeiit-

300 984 498 1044 ctum
547 974 933 1044 decretum
982 976 1442 1063 publicatum
1493 982 1622 1062 est,
1658 975 1958 1045 aliunde
1994 975 2316 1044 rationes
2364 974 2593 1060 repeti
2625 974 2745 1038 ile-

300 1083 493 1151 bent.
543 1084 707 1151 Non
758 1083 961 1152 enim
1006 1084 1178 1170 quia
1227 1082 1599 1169 haeretici,
1653 1082 1816 1152 ideo
1868 1082 1964 1151 ab
1996 1081 2140 1151 hac
2183 1080 2351 1168 lege
2398 1082 2749 1166 exempti,

299 1189 487 1259 idest
531 1191 814 1260 ratione
855 1189 1281 1279 personalis
1328 1188 1834 1278 eoeemptionis
1883 1209 2018 1259 seu
2046 1186 2431 1277 privilegii.
2483 1189 2749 1283 Huius-

300 1297 498 1365 modi
551 1314 775 1384 porro
825 1299 1171 1383 rationeS,
1226 1302 1303 1366 ut
1346 1303 1586 1367 cetera
1638 1297 2092 1367 documenta
2143 1296 2749 1382 praetermittam,

300 1407 455 1472 tum
505 1423 607 1473 ex
653 1405 739 1474 iis
785 1425 983 1493 quae
1029 1404 1434 1476 declaravit
1467 1412 1536 1475 et
1583 1405 1835 1473 docuit
1869 1403 2315 1474 Benedictus
2361 1404 2558 1487 XIV,
2597 1418 2749 1470 tum

301 1530 396 1580 ex
441 1511 529 1580 iis
578 1532 774 1599 quae
823 1520 1084 1599 postea
1129 1514 1396 1583 iterum
1447 1513 1695 1583 docuit
1743 1512 1920 1581 Pius
1968 1510 2100 1579 V11
2149 1511 2222 1578 in
2274 1509 2621 1597 praefatis
2669 1510 2757 1578 lit>-

301 1621 492 1704 teris,
532 1622 690 1690 erui
752 1629 1087 1708 possunt.
1146 1660 1187 1670 —
1243 1623 1619 1710 Imprimis
1666 1622 1865 1691 enim
1917 1620 2362 1690 Benedictus
2413 1619 2589 1687 XIV
2641 1622 2753 1686 iiii—1

300 1728 342 1794 4
385 1729 822 1799 novembris
873 1733 1037 1799 1741
1094 1730 1466 1800 celebrem
1501 1730 1705 1798 dedit
1739 1726 2347 1797 Declarationem
2378 1727 2571 1794 circa
2613 1746 2753 1794 niz·—

304 1835 641 1905 trimonia
705 1836 1142 1908 Hollandiae
1208 1845 1278 1906 et
1340 1838 1563 1925 Belgii
1629 1836 2181 1906 foederatorum
2247 1834 2617 1918 ordinum,
2689 1838 2753 1898 in

302 1959 446 2028 qua
502 1965 540 2005 <t
574 1945 927 2012 omnibus
976 1946 1344 2015 rationum
1387 1945 1788 2015 momentis
1834 1945 2004 2020 hinc
2039 1945 2209 2013 inde
2255 1941 2520 2011 sedulo
2555 1941 2761 2008 librii-

306 2050 481 2133 «tis,
533 2051 953 2137 declaravit,
1006 2054 1425 2140 statuitque,
1479 2054 1950 2122 matrimonia
1992 2055 2059 2119 in
2109 2051 2319 2119 dictis
2355 2048 2753 2136 ,foederatis

307 2177 342 2218 «
374 2157 601 2245 Belgii
652 2159 1052 2245 provinciis
1101 2161 1286 2229 inter
1336 2161 1753 2232 haereticos
1789 2179 2028 2247 usque
2080 2158 2306 2227 modo
2355 2161 2749 2226 contraria,

309 2283 344 2324 «
375 2283 724 2351 quaeque
771 2266 843 2333 in
877 2276 1262 2354 posterum
1312 2269 1868 2353 contrahentur,
1920 2267 2208 2335 etiamsi
2257 2264 2495 2332 forma
2539 2282 2578 2330 a
2617 2262 2757 2326 Tri-

311 2391 345 2431 «
377 2369 679 2441 dentino
728 2376 1183 2461 praescripta
1222 2395 1370 2443 non
1403 2374 1620 2445 fuerit
1668 2377 1737 2443 in
1794 2376 1880 2442 iis
1927 2373 2393 2443 celebrandis
2439 2378 2757 2442 Servili-tl.

312 2500 346 2541 «
378 2480 799 2552 dummodo
847 2483 1045 2552 aliud
1095 2503 1243 2552 non
1283 2485 1637 2553 obstiterit
1670 2470 2109 2564 eanonicam
2157 2477 2757 2570 impedimentum

325 2612 359 2653 ε
392 2589 968 2681 (ἱηψράὶνηθηίἰε
1014 2612 1192 2684 er90
1224 2591 1447 2662 etiam
1480 2575 1838 2661 haeretiei
1869 2592 2267 2674 tenentur),
2322 2608 2457 2676 pro
2507 2586 2765 2655 validis

312 2719 347 2760 «
379 2698 723 2768 habenda
790 2718 958 2769 esse
1008 2722 1044 2763 »
1099 2699 1203 2786 (In
1269 2699 1540 2767 Bullar.
1602 2701 1876 2768 Bened.
1932 2705 1980 2766 t.
2029 2703 2089 2765 1.
2133 2717 2209 2785 p.
2259 2696 2352 2765 87
2395 2704 2467 2764 et
2512 2702 2757 2778 seqq]-

434 2807 548 2874 39.
597 2809 693 2873 At
739 2824 1114 2893 quaenam
1150 2804 1449 2876 fuerunt
1484 2808 1828 2891 rationes,
1864 2824 2187 2892 quarum
2229 2803 2295 2870 vi
2336 2802 2757 2875 huiusmodi

312 2911 745 2981 Declaratio
792 2913 1089 2982 tandem
1144 2914 1454 3002 prodiit?
1506 2915 1830 3001 ipsemet
1882 2911 2221 2982 Pontifex
2268 2911 2538 2980 Bened.
2589 2914 2761 2978 XIX-i

310 3019 747 3090 earumdem
802 3021 1197 3106 rationum,
1247 3040 1440 3109 quas
1489 3023 1806 3109 theologi
1859 3029 1928 3090 et
1975 3020 2404 3090 canonistas
2452 3019 2761 3106 congrv-

309 3128 623 3215 gationis
656 3129 751 3197 ad
788 3131 980 3198 hanc
1007 3129 1439 3200 diluendam
1468 3132 1984 3217 quaestionem
2019 3128 2433 3217 specialiter
2464 3130 2759 3202 accit-w,

311 3236 380 3304 in
430 3238 764 3307 medium
817 3238 1300 3324 protulerunt,
1339 3238 1559 3308 veluti
1592 3238 1986 3324 synopsim
2037 3237 2459 3324 suppeditat
2504 3237 2574 3303 in
2625 3254 2765 3302 sui-l

313 3344 439 3431 Op.
488 3343 585 3414 de
634 3343 933 3432 Synodo
980 3344 1130 3429 (lib.
1182 3349 1247 3413 6.
1295 3369 1353 3414 e.
1408 3348 1481 3425 6)
1530 3364 1873 3432 quasque
1922 3344 2040 3411 hic
2089 3344 2216 3411 vix
2264 3343 2575 3411 innuere
2625 3346 2737 3406 5:11ss

312 3449 521 3521 ficiet.
576 3453 662 3520 Et
721 3452 969 3539 quoad
1037 3452 1504 3522 matrimonia
1573 3451 1666 3520 de
1724 3451 2001 3538 quibus
2050 3451 2198 3537 agit
2255 3449 2512 3538 prima
2578 3450 2765 3515 illim-¹

313 3561 584 3631 decreti
633 3580 831 3647 pars,
873 3558 1170 3647 'nempe
1219 3561 1405 3629 inter
1469 3559 1664 3629 duos
1729 3557 2073 3646 coniuqes
2135 3557 2548 3625 haereticos
2597 3558 2761 3622 inita

316 3688 399 3738 ac
446 3670 776 3738 ineunda
822 3669 893 3735 in
932 3667 1315 3737 Hollandia
1350 3673 1422 3736 et
1454 3667 1704 3754 Belgio
1738 3662 2139 3751 foederatO,
2175 3665 2461 3734 cunctis
2508 3666 2769 3733 surii-w

316 3775 449 3862 giis
498 3773 741 3844 valida
778 3774 1232 3860 proclamata
1267 3773 1567 3844 fuerunt
1614 3773 1934 3842 diversis
1969 3772 2397 3841 rationibus.
2449 3771 2761 3853 Quidum

317 3882 512 3950 enim
571 3881 1124 3966 existimarunt,
1183 3887 1461 3950 certam
1512 3899 1601 3949 ac
1668 3879 2148 3966 perspicuam
2197 3877 2464 3947 deesse
2515 3882 2769 3964 prntm-

319 3988 615 4074 tionem,
664 3987 865 4075 quod
915 3987 1207 4056 Concilii
1254 3988 1640 4057 decretum
1703 3985 2164 4072 publicatum
2212 3983 2430 4052 fuerit
2476 3984 2547 4050 in
2601 4006 2769 4050 imsi-

320 4115 618 4185 quaque
668 4098 1015 4184 parochia
1069 4115 1332 4166 earum
1390 4096 1809 4184 regionum,
1859 4102 2259 4182 antequam
2318 4093 2484 4163 illae
2532 4094 2629 4163 al]
2685 4094 2765 4158 lii-

320 4207 622 4292 spanica
689 4206 1193 4275 dominatione
1257 4224 1340 4274 se
1412 4204 1969 4289 subtraherent;
2051 4203 2369 4290 ideoque
2430 4220 2529 4270 ex
2590 4206 2769 4270 ιιειίιιεῆἮ

321 4313 489 4381 dem
538 4312 953 4382 conciliaris
999 4313 1270 4382 decreti
1309 4317 1583 4398 tenore,
1628 4330 1719 4380 ea
1769 4309 2243 4381 matrimonia
2289 4328 2769 4396 nequaqum-1111

323 4421 666 4492 nullitatis
728 4421 900 4489 vitio
960 4421 1350 4490 subiacere
1414 4419 1482 4504 (l.
1532 4436 1594 4487 c.
1643 4438 1766 4486 nn.
1821 4418 2003 4503 6-7).
2067 4453 2105 4465 -
2172 4416 2308 4484 Alii
2373 4434 2573 4498 vero,
2637 4418 2769 4482 lim·

324 4530 597 4599 omissa
647 4527 1083 4616 quaestione
1130 4526 1224 4596 de
1258 4527 1751 4613 publicatione
1786 4524 2080 4609 decreti,
2118 4524 2348 4591 immo
2398 4523 2617 4592 etiam
2653 4526 2769 4586 ail-

324 4636 709 4722 mittenteS‚
760 4653 930 4704 eam
978 4634 1110 4703 rite
1158 4632 1447 4717 factam,
1499 4632 1691 4701 duas
1742 4629 2191 4718 reputabant
2237 4628 2629 4698 hominurn
2665 4650 2769 4694 st*-
