3509 5317
740 526 877 585 ..3-

688 772 865 856 CAPUT
896 781 924 857 Ι.

354 979 401 1059 lle
431 978 696 1083 impedimentis
726 988 985 1074 matrimonium
1015 993 1261 1081 dirimentibus
1295 1108 1297 1112 ,

576 1130 620 1190 en
650 1109 790 1195 deiectu
821 1121 1035 1200 consensus.

643 1439 916 1511 ARTICULUS
941 1443 965 1510 l.
1049 1490 1052 1499 ·

568 1631 611 1697 lie
636 1632 846 1715 impedimento
868 1636 907 1702 ab
930 1652 1048 1704 errore.

258 1853 289 1918 1.
314 1852 372 1920 Ex
395 1850 540 1922 defectu
563 1870 774 1923 consensus
804 1856 1084 1926 matrimonium
1113 1857 1248 1928 dirimit
1273 1860 1417 1948 Error,

185 1975 265 2024 non
290 1959 441 2045 quidem
461 1960 562 2046 iuria,
579 1961 646 2030 sed
662 1959 786 2049 fueti;
810 1980 886 2030 nom
903 1964 1149 2051 accidentalis,
1166 1966 1233 2034 sed
1250 1965 1421 2037 srubstun·

188 2062 298 2133 tiub’s.
316 2065 461 2137 Scilicet
475 2067 633 2137 naturali
650 2069 760 2140 etiam
778 2068 858 2139 iure
875 2071 1155 2140 matrimonium
1173 2074 1416 2164 immutemur,

187 2191 310 2260 Qum
335 2193 507 2262 persona,
524 2194 611 2244 cum
628 2195 701 2263 uua
719 2176 804 2263 quis
822 2178 1246 2266 coniugium'contrahit,
1272 2180 1340 2251 alia
1361 2189 1419 2252 est

188 2298 307 2367 quam
331 2281 410 2369 ipse
435 2288 547 2369 putat.
572 2285 737 2369 Excepto
754 2284 852 2353 enim
871 2303 973 2369 casu,
998 2303 1074 2372 quo
1098 2287 1182 2372 uuis
1198 2289 1418 2359 contrahere

190 2387 279 2458 velit
300 2408 390 2458 cum
414 2408 586 2478 persona,
611 2391 670 2460 cui
687 2389 801 2459 fldem
819 2391 882 2460 dat
905 2410 1168 2479 quaecumque
1192 2393 1347 2464 demum
1373 2416 1417 2466 ea

188 2497 253 2583 sit,
282 2499 496 2584 praedictus
526 2518 632 2569 error
661 2517 892 2569 consensum
923 2499 1075 2587 impedit
1104 2501 1141 2568 in
1170 2503 1417 2573 substantiam

188 2610 423 2689 contractus,
449 2604 617 2676 videlicet
639 2606 674 2673 in
699 2624 902 2693 personam
927 2625 1014 2676 cum
1047 2626 1123 2694 qua
1145 2609 1374 2678 contrahitur
1397 2608 1419 2678 ί.

257 2715 290 2781 2.
317 2712 354 2782 Si
378 2718 505 2784 autem
529 2732 634 2783 error
657 2712 691 2781 in
717 2714 776 2782 ius
800 2715 927 2800 cadat,
954 2713 1012 2782 vel
1036 2715 1072 2782 in
1096 2733 1282 2802 personae
1305 2716 1419 2803 quali-

188 2821 302 2888 tatem
320 2838 388 2889 seu
404 2820 617 2908 accidentia,
634 2821 914 2889 matrimonium
932 2838 1007 2889 non
1025 2821 1169 2890 dirimit.
1186 2821 1302 2890 Adest
1318 2822 1417 2891 enim

188 2924 386 2994 absolutus
408 2944 619 2997 cousensus
642 2928 678 2995 in
701 2946 903 3014 personam
928 2946 1014 2996 cum
1032 2947 1106 3015 qua
1124 2928 1363 3013 contrahitur,
1382 2926 1418 2994 in

187 3032 374 3101 obiectum
394 3048 531 3120 nempe
547 3034 728 3105 directum
744 3055 788 3105 ac
804 3034 1046 3105 substantiale
1062 3035 1174 3103 huius
1190 3040 1412 3104 contractus.

188 3139 285 3209 Hinc
307 3139 382 3209 initi
405 3143 630 3212 matrimonii
654 3146 727 3211 stab
746 3143 860 3230 valor,
885 3143 1059 3229 quamvis
1076 3160 1237 3229 pravum
1254 3142 1339 3229 quis
1356 3140 1418 3210 ha-

187 3248 277 3317 heat
307 3249 397 3318 iuris
425 3268 592 3319 errorem
622 3251 747 3337 quoad
778 3251 1001 3321 matrimonii
1031 3250 1296 3336 substantiam,
1325 3254 1364 3318 ut
1386 3248 1417 3317 si

186 3357 318 3444 quise
343 3357 521 3426 catholica
546 3357 726 3427 aberrans
750 3357 927 3443 doctrina,
952 3360 1111 3442 censeat,
1136 3357 1352 3444 coniugium
1369 3356 1418 3425 ob

187 3463 401 3533 alterutrius
420 3464 590 3552 coniugis
613 3464 836 3534 adulterium
852 3483 967 3553 posse
991 3464 1115 3552 quoad
1133 3463 1324 3532 vinculum
1350 3463 1419 3531 dis-

186 3570 301 3658 solvi,
333 3577 371 3641 ut
402 3572 533 3641 Graeci
560 3572 802 3660 schismatici,
827 3571 1047 3644 Calvinistae
1076 3571 1211 3659 aliique
1246 3571 1420 3641 haeretici

186 3680 351 3749 sentiunt
366 3677 389 3749 ².

255 3790 288 3857 3.
313 3788 390 3867 Stat
412 3788 538 3856 itidem
567 3788 603 3855 in
627 3807 698 3857 suo
726 3788 860 3857 robore
892 3787 1114 3857 matrimonii
1140 3785 1244 3856 valor
1273 3787 1304 3854 si
1335 3787 1420 3874 quis

187 3894 315 3983 quoad
339 3893 477 3964 iactum
493 3895 645 3981 quidem
663 3905 770 3982 errat,
788 3903 825 3966 ab
840 3914 915 3964 non
932 3895 1057 3983 quoad
1075 3893 1334 3980 substantiam,
1351 3892 1419 3961 sed

187 4002 316 4093 quoad
341 4021 525 4090 personae
548 4002 754 4090 qualitates,
778 4008 817 4072 ut
839 4004 869 4072 si
896 4003 951 4071 vir
976 4002 1172 4071 mulierem
1196 4001 1309 4070 ducat
1331 4018 1421 4069 uxo·

257 4248 401 4309 ¹Cuusu
430 4248 487 4310 29.
517 4259 640 4328 quaeat.
673 4252 708 4320 1‚·
733 4255 765 4312 et
790 4270 857 4328 oap.
889 4259 947 4309 toea
975 4269 1033 4308 moe
1060 4248 1117 4308 26.
1146 4250 1185 4308 de
1210 4248 1420 4325 sponsalibus

186 4357 221 4408 et
239 4350 465 4408 matrimonio.

256 4446 356 4508 2(iia.
384 4449 542 4510 Benedici.
571 4445 661 4510 xtv‘
679 4449 719 4509 de
745 4448 874 4525 Symbola
904 4449 958 4528 lid,
992 4448 1048 4510 13.
1078 4465 1150 4523 cup.
1173 4444 1231 4506 22.
1258 4443 1341 4519 §4,·
1368 4445 1419 4502 ubi

185 4547 267 4606 citat
289 4546 568 4625 Schmalzgrueber
583 4548 620 4607 ad
641 4548 694 4609 tid.
712 4547 868 4608 Decretal.
894 4548 933 4606 de
948 4547 1192 4605 conditionibus
1207 4546 1363 4620 appositis
1379 4543 1419 4602 im

186 4645 375 4721 desponsat.
399 4645 417 4720 ἓ
439 4643 472 4705 5.
495 4664 530 4706 n.
559 4643 633 4705 129.
