3509 5317
854 498 1032 558 „366-

332 632 577 718 Patriarchas,
595 633 788 718 Primates,
806 634 1119 723 archiepiscopos
1135 639 1171 703 et
1187 633 1394 722 Episcopos
1417 634 1566 722 scriptis

323 739 509 808 vicesima
533 745 637 809 sexta
664 742 813 829 augusti
837 759 938 810 anno
962 741 1129 811 secundo
1160 739 1404 811 Pontificatus
1435 740 1575 826 nostri,

332 847 529 935 providere
555 849 791 932 curavimus,
817 849 853 916 in
878 849 1017 936 quibus
1040 867 1084 918 ea
1109 847 1440 936 praescripsimus,
1465 864 1567 934 quae

331 956 449 1026 sacris
472 956 697 1043 Canonibus
722 964 758 1025 et
781 956 928 1025 Concilii
953 956 1138 1027 tridentini
1153 956 1314 1026 decretis
1334 973 1515 1041 consona,
1531 956 1564 1023 si

330 1064 542 1154 diiigenter,
569 1071 609 1134 ut
630 1081 852 1152 speramus,
876 1069 1096 1149 serventur,
1120 1065 1157 1132 in
1193 1069 1388 1151 posterum
1422 1082 1565 1133 causae

331 1190 406 1240 non
431 1171 500 1239 nisi
525 1171 697 1258 personis
720 1189 888 1260 congrua
912 1171 1002 1241 iuris
1026 1171 1153 1258 peritia
1178 1174 1214 1241 et
1236 1171 1453 1242 necessario
1482 1189 1568 1258 pro

330 1277 459 1347 bitatis¹
475 1274 739 1365 spectataeque
761 1277 849 1348 fidel
875 1278 1028 1347 munitis
1052 1276 1238 1366 praesidio
1268 1277 1563 1346 committantur.

330 1382 488 1467 Insuper
511 1382 559 1453 ad
582 1402 637 1469 ea,
662 1385 820 1472 quaein
845 1384 978 1454 iisdem
1001 1384 1199 1472 encyclicis
1225 1384 1336 1454 literis
1363 1384 1566 1453 constituta

330 1493 439 1573 sunt,
464 1489 498 1557 id
523 1492 633 1558 etiarn
658 1491 694 1558 in
720 1492 906 1578 praesenti
941 1490 1205 1580 adiungimus3
1234 1491 1358 1577 quod,
1383 1490 1565 1577 quamvis

330 1596 476 1666 Concilii
494 1598 676 1667 tridentini
693 1598 897 1681 decretum,
915 1617 991 1686 quo
1007 1616 1147 1667 causae
1164 1597 1460 1666 matrimoniales
1477 1597 1567 1665 sub

330 1709 468 1775 tractae
491 1704 642 1776 luerunt
658 1709 805 1793 Decani,
823 1707 1083 1777 Archidiaconi
1107 1713 1142 1777 et
1165 1706 1324 1776 aliorum
1341 1705 1565 1777 inferiorum

330 1811 484 1898 iudicio,
510 1817 545 1884 et
568 1816 840 1902 Episcoporum
877 1820 1021 1885 tantum
1058 1815 1224 1885 examini
1254 1821 1291 1883 et
1320 1813 1563 1884 iurisdictioni

331 1929 553 2009 reservatae,
578 1923 776 1993 dumtaxat
798 1923 977 2011 procedat
999 1923 1046 1991 de
1070 1923 1362 2007 Archidiaconis,
1389 1924 1563 2009 Decanis,

329 2029 485 2116 aliisque
509 2029 753 2116 inferioribus,
777 2031 839 2117 qui
865 2030 901 2097 in
926 2032 1060 2098 eadem
1085 2025 1246 2098 dioece‘si
1269 2029 1475 2115 constituti,
1500 2030 1564 2099 vel

329 2136 521 2224 privilegio
544 2137 669 2224 aliquo
693 2138 752 2206 vel
776 2137 1091 2225 praescriptione,
1117 2137 1251 2206 saltem
1276 2136 1310 2204 in
1342 2136 1563 2223 visitatione,

329 2260 532 2313 causarum
557 2245 1160 2332 matrimonialium‘cognitionem
1197 2245 1267 2312 sibi
1301 2243 1562 2332 adrogabant3

329 2368 374 2419 ac
397 2350 534 2420 idcirco
558 2350 712 2423 minime
728 2353 849 2422 obstet
864 2352 1205 2437 commissionibus
1224 2370 1322 2439 quae
1340 2369 1409 2438 pro
1427 2351 1563 2421 iisdem

230 2514 233 2518 ,
329 2457 456 2526 causis
479 2459 815 2529 matrimonialibus
838 2457 1060 2529 definiendis
1076 2480 1096 2529 a
1115 2459 1212 2529 Sede
1228 2458 1432 2545 apostolica
1450 2458 1563 2527 alicui

330 2582 462 2635 eorum
488 2568 522 2634 in
548 2568 713 2636 secunda
738 2568 913 2636 instantia
934 2565 1086 2653 flerent;
1113 2565 1353 2635 nibilominus
1384 2566 1565 2654 praecipi

329 2692 416 2742 mus
440 2693 485 2743 ac
511 2674 738 2744 mandamus
753 2676 806 2760 iis,
824 2676 872 2744 ad
890 2693 988 2762 quos
1004 2674 1219 2744 huiusmodi
1244 2675 1562 2743 commissionum

327 2798 397 2850 seu
421 2782 697 2870 delegationum
721 2783 1044 2869 expediendorum
1068 2799 1162 2851 cura
1184 2782 1349 2867 pertinet,
1368 2771 1417 2849 'ut
1440 2782 1476 2849 in
1507 2780 1565 2850 fu-

328 2893 456 2957 turum
480 2909 683 2959 causarum
709 2891 1038 2963 matrimonialium
1063 2889 1311 2977 cognitionem
1347 2907 1424 2956 non
1461 2907 1564 2958 oona-

329 2996 473 3065 mittant
496 2997 564 3065 nisi
589 2998 783 3084 Episcopis
800 2998 1019 3083 praesertim
1039 2997 1288 3081 vicinioribus,
1306 2995 1364 3063 vel
1381 2996 1412 3064 si
1432 2996 1563 3082 nullus

247 3122 250 3127 ’
328 3103 375 3170 sit
397 3105 625 3191 Episcopus,
650 3107 708 3173 cui
733 3124 783 3174 ex
807 3105 968 3194 legitima
1000 3124 1115 3175 causa
1140 3102 1340 3173 commode
1376 3104 1561 3172 committi

329 3213 467 3298 possit,
492 3217 571 3281 turn
596 3213 813 3282 commissio
849 3218 885 3282 et
920 3212 1102 3299 delegatio
1126 3212 1308 3300 dirigatur
1331 3210 1396 3278 uni
1420 3229 1470 3279 ex
1503 3211 1560 3293 iis

328 3319 389 3407 qui
425 3318 636 3388 secundum
671 3320 839 3388 ordinem
876 3328 912 3389 et
947 3321 1104 3389 modum
1128 3339 1149 3387 a
1174 3318 1290 3387 Nobis
1315 3317 1351 3385 in
1383 3316 1561 3403 praefatis

327 3426 523 3513 encyclicis
548 3426 658 3496 literis
682 3428 954 3514 praescriptum
981 3445 1047 3513 pro
1072 3426 1196 3495 Iudice
1221 3425 1355 3494 idoneo
1392 3424 1442 3493 ab
1477 3426 1560 3511 Epi·

326 3552 441 3620 scopo
466 3552 554 3603 curn
578 3535 732 3603 consilio
756 3536 815 3604 sui
838 3534 994 3620 Capituli
1018 3535 1234 3603 nominatus
1257 3529 1376 3601 fuerit.

392 3644 414 3724 S
436 3645 468 3710 5.
493 3642 600 3723 Quod
626 3660 716 3711 vero
740 3642 787 3711 ad
813 3642 1004 3724 ordinem,
1029 3650 1068 3713 et
1087 3642 1224 3710 seriem
1260 3638 1483 3708 iudiciorum
1516 3638 1557 3705 in

326 3749 451 3818 causis
475 3748 809 3818 matrimonialibus
833 3767 902 3835 pro
925 3748 1044 3817 debita
1070 3753 1106 3816 et
1128 3765 1295 3836 congrua
1320 3762 1453 3814 earum
1489 3749 1559 3813 ter·

326 3856 526 3924 minatione
549 3856 780 3924 servandum
805 3860 957 3942 spectat,
983 3862 1087 3923 motu
1103 3852 1267 3940 proprio,
1284 3855 1382 3920 certa
1402 3849 1556 3919 scientia

325 3979 370 4029 ac
395 3966 541 4030 matura
565 3960 828 4029 deliberatione
864 3962 1022 4047 nostris,
1048 3960 1171 4047 deque
1194 3956 1422 4046 apostolicae
1458 3959 1558 4042 pote

325 4066 429 4135 statis
452 4067 679 4153 plenitudine
704 4068 774 4137 hac
798 4074 926 4138 nostra
961 4069 997 4136 in
1035 4072 1258 4155 perpetuum
1291 4065 1449 4135 valitura
1472 4082 1558 4133 san·

324 4174 444 4243 ctione
467 4176 740 4261 constituimus,
765 4174 1005 4244 decernimus
1027 4194 1073 4244 ac
1096 4175 1286 4260 iubemus,
1312 4178 1352 4241 ut
1375 4170 1425 4241 ab
1441 4169 1558 4239 omni·

325 4280 397 4350 bus
421 4286 456 4348 et
478 4282 635 4370 singulis
655 4282 822 4352 locorum
849 4281 1053 4352 Ordinariis
1075 4282 1111 4350 in
1136 4282 1216 4350 suis
1232 4278 1440 4366 respective
1455 4277 1553 4345 dioe-

324 4387 475 4457 cesibus
498 4407 659 4476 persona
684 4390 810 4478 aliqua
832 4389 966 4460 idonea
990 4388 1169 4478 eligatur,
1194 4388 1283 4458 etsi
1305 4382 1387 4454 fleri
1421 4388 1552 4471 potest,

324 4513 373 4563 ex
396 4494 647 4565 ecclesiastico
671 4506 790 4581 coetu,
816 4496 907 4566 iuris
930 4496 1081 4565 scientia
1106 4496 1244 4583 pariter
1277 4504 1314 4563 et
1349 4493 1447 4562 vitae
1469 4508 1553 4579 pro·

322 4602 433 4672 bitate
458 4603 634 4688 praedita,
658 4622 757 4689 quae
781 4603 1103 4672 matrimoniorum
1141 4601 1316 4672 defensor
1348 4600 1554 4669 nominabi-
