3509 5317
859 513 1019 573 „23-

323 651 456 721 stantia
472 649 650 719 orationis
666 649 822 736 aliisque
838 648 1014 718 remediis
1031 647 1124 717 iorte
1148 647 1331 717 removeri
1350 647 1482 732 poterit
1494 644 1516 711 ¹.
1535 681 1558 694 -

323 756 360 826 Si
385 757 514 845 elapso
532 753 690 826 triennio
713 756 840 826 adlruc
856 757 993 826 veritas
1016 756 1193 843 cognosci
1217 761 1388 841 nequeat,
1414 751 1559 840 regola·

324 866 410 934 riter
426 863 604 933 standum
626 872 684 934 est
698 883 767 951 pro
785 863 1009 934 matrimonii
1025 862 1167 950 valore3
1192 862 1412 949 praesertim
1429 862 1461 929 si
1479 878 1558 929 mu·

323 973 389 1042 lier
402 973 508 1058 dicat,
526 992 568 1043 se
591 992 613 1042 a
632 973 710 1041 viro
733 970 849 1043 luisse
865 972 1063 1060 cognitam,
1081 988 1168 1040 cum
1195 989 1269 1039 non
1290 977 1558 1057 praesumatur

325 1080 417 1150 velle
443 1080 609 1149 habitare
634 1098 722 1149 cum
746 1080 958 1167 impotente.
984 1079 1021 1148 Si
1039 1097 1129 1148 vero
1153 1078 1188 1148 id
1206 1084 1325 1166 neget,
1351 1077 1444 1146 alter
1461 1074 1557 1145 affir-

324 1200 414 1273 met,
439 1205 537 1274 opus
561 1196 619 1257 est
646 1186 874 1274 inspectione
899 1183 921 1270 ²,
946 1204 1054 1273 quae,
1079 1185 1161 1254 aliis
1190 1181 1447 1254 deficientibus
1472 1199 1557 1268 pro·

323 1294 544 1380 nationibus
568 1294 728 1383 permitti
752 1293 882 1379 debet,
907 1298 943 1363 et
965 1295 1108 1363 ratione
1132 1292 1361 1373 necessitatis
1386 1290 1558 1359 honesta·

322 1409 394 1486 tur,
414 1401 590 1488 quamvis
613 1401 724 1470 etiam
750 1401 963 1487 deceptioni
979 1401 1142 1480 obnoxia
1167 1397 1191 1465 ⁸.
1206 1434 1230 1447 -
1253 1397 1290 1467 Si
1315 1402 1441 1468 aulem
1464 1401 1559 1464 uter

323 1525 397 1594 que
420 1507 561 1577 coniux
578 1507 707 1595 elapso
730 1508 886 1577 triennio
900 1505 1058 1577 fateatur
1074 1505 1339 1594 impotentiam,
1358 1503 1557 1591 requiritur

322 1613 518 1700 utriusque
541 1599 806 1698 iuramentum,
832 1623 873 1684 ut
900 1614 1014 1683 iudex
1051 1613 1287 1701 proclamare
1325 1611 1446 1681 valeat
1479 1610 1554 1678 initi

324 1718 547 1787 matrimonii
570 1719 786 1789 nullitatem.
811 1719 940 1790 lurare
956 1727 1081 1791 autem
1099 1720 1209 1789 debet
1224 1720 1290 1805 vir,
1308 1737 1350 1788 se
1367 1714 1555 1787 bonafide

322 1830 358 1893 et
380 1824 527 1912 absque
551 1824 638 1893 dolo
662 1826 839 1912 copulam
864 1827 1077 1909 intentasse,
1102 1845 1173 1896 nec
1195 1842 1465 1894 consummare
1488 1841 1551 1907 po·

322 1933 459 2018 tuisse;
485 1934 619 2003 mulier
643 1952 733 2004 vero
758 1936 883 2004 iurare
906 1934 1026 2022 debet,
1051 1953 1118 2022 per
1141 1953 1184 2004 se
1206 1952 1282 2002 non
1299 1936 1447 2003 stetisse
1463 1933 1552 2019 quin

321 2039 456 2127 copula
480 2046 820 2112 consummaretur.
845 2078 868 2091 -
891 2041 1050 2128 insuper
1072 2040 1286 2111 adhibenda
1309 2050 1367 2109 est
1393 2036 1554 2127 septima

321 2166 459 2216 munus
483 2145 512 2233 ⁴,
537 2147 633 2217 idest
664 2149 846 2219 accedere
875 2149 1014 2219 debent
1043 2149 1196 2218 iuraturi
1227 2154 1372 2236 septem
1408 2148 1554 2235 propin·

395 2269 422 2340 Ι

389 2376 399 2413 ¹
420 2376 471 2437 Ita
495 2377 618 2453 quidem
645 2378 683 2437 ad
706 2379 782 2438 iuris
804 2377 965 2454 utriusque
986 2376 1142 2438 tramites.
1165 2375 1282 2436 Verum
1304 2377 1342 2435 ab
1364 2375 1484 2451 aliquot
1503 2393 1557 2435 an-

320 2473 370 2533 nis
394 2490 501 2534 sacrae
529 2491 675 2535 romanae
704 2474 967 2552 congregationes
994 2475 1025 2533 in
1050 2473 1200 2533 eiusmodi
1221 2472 1332 2533 dubiae
1355 2472 1557 2550 impotentiae

320 2570 433 2644 causis,
458 2572 484 2631 si
505 2577 592 2634 certo
619 2577 741 2634 constet
761 2573 798 2632 de
819 2573 1019 2633 matrimonio
1047 2577 1118 2632 ratu
1139 2575 1172 2631 et
1192 2590 1251 2631 non
1280 2575 1501 2643 consummato,
1523 2577 1557 2629 et

320 2668 459 2729 instante
474 2673 576 2746 parte,
594 2671 790 2749 servatisque
804 2672 840 2732 de
861 2671 929 2731 iure
944 2671 1117 2742 servandis,
1133 2670 1313 2748 plerumque
1328 2670 1366 2729 ad
1387 2669 1556 2730 remedium

320 2766 504 2845 confugiunt
518 2769 696 2846 pontificiae
711 2768 950 2847 dispensationis
971 2771 1073 2829 arato
1095 2772 1128 2829 et
1149 2786 1208 2827 non
1230 2773 1440 2830 consummato
1454 2771 1558 2829 coniu-

319 2867 382 2944 gio,
405 2871 441 2928 ut
460 2886 480 2927 a
500 2868 695 2946 praescripto
715 2867 846 2927 triennii
869 2866 1081 2944 experimento
1103 2867 1280 2927 deflectant.

387 2963 560 3025 ‘Sanchez
584 2966 637 3024 lid.
662 2965 693 3023 7.
718 2967 802 3042 disp.
830 2962 908 3023 109.
932 2983 967 3022 n.
998 2963 1039 3019 15
1061 2970 1093 3022 et
1112 2981 1196 3040 seqq.

385 3063 484 3125 tun.
509 3065 690 3125 Zacchiam:
717 3063 773 3141 Op.
798 3066 851 3123 cit.
878 3063 933 3121 lib.
960 3063 993 3121 4.
1018 3069 1143 3138 quaest.
1172 3060 1290 3132 1-2-3,
1311 3062 1364 3121 ubi
1393 3063 1429 3122 de
1455 3063 1556 3122 minus

320 3159 487 3221 fallacibus
508 3162 590 3223 notis
612 3161 821 3239 virginitatis,
839 3165 873 3222 ut
894 3160 932 3220 de
953 3162 1098 3238 hymene,
1115 3160 1303 3232 carunculis,
1320 3160 1466 3237 nymphis
1480 3164 1554 3231 etc..

319 3279 356 3320 ac
376 3259 414 3319 de
435 3260 534 3337 signis
556 3260 694 3320 violatae
716 3259 926 3336 virginitatis.

300 3376 306 3386 ·
388 3358 435 3418 Ad
451 3360 530 3418 hanc
551 3362 655 3419 autem
670 3358 892 3436 inspectionem
907 3360 969 3419 rite
984 3357 1191 3436 peragendam
1213 3376 1268 3435 per
1285 3367 1454 3418 matronas
1469 3359 1558 3436 depo-

320 3456 437 3516 situras
457 3456 493 3515 de
510 3456 697 3533 virginitate
719 3462 774 3515 aut
788 3456 886 3516 etiam
900 3456 937 3515 de
957 3455 1177 3532 impedimento
1198 3456 1409 3527 arctitudinis,
1426 3456 1481 3515 sub
1496 3473 1559 3515 me·

320 3554 458 3613 diuorum
480 3557 513 3613 et
533 3553 750 3630 chirurgorum
773 3553 898 3626 iudicio,
922 3557 954 3614 et
981 3570 1035 3630 per
1056 3553 1205 3612 eiusmodi
1234 3552 1357 3612 inarte
1385 3551 1505 3612 medica
1524 3556 1558 3612 et

320 3651 501 3729 chirurgica
515 3655 634 3728 peritos
656 3652 683 3710 si
705 3656 819 3728 agatur
840 3652 876 3710 de
898 3652 961 3711 viri
983 3652 1183 3728 impotentia3
1199 3681 1238 3696 -
1254 3651 1378 3729 insuper
1394 3651 1432 3711 ad
1450 3669 1558 3729 oppor-

320 3757 412 3812 tunas
434 3749 696 3827 interrogationes
717 3766 736 3808 a
757 3749 917 3809 defensore
939 3749 1131 3809 matrimonii
1157 3767 1197 3809 ex
1217 3750 1315 3809 officio
1341 3754 1373 3810 et
1393 3751 1433 3809 ab
1454 3750 1556 3830 iudice

320 3846 548 3924 proponendas;
559 3865 642 3906 -ac
654 3845 780 3907 tandem
791 3846 829 3905 ad
844 3850 917 3907 acta
928 3847 1031 3906 valide
1045 3846 1236 3907 conficienda
1249 3847 1339 3907 iuxta
1354 3847 1466 3906 Bened.
1480 3846 1557 3907 XIV

321 3949 419 4004 const.
437 3944 498 4002 Dei
513 3946 742 4004 miseratione:
758 3944 827 4003 vide
849 3945 881 4004 in
898 3945 1074 4022 Appendice
1090 3964 1124 4004 n.
1142 3945 1173 4003 2.
1192 3945 1453 4004 [astructionem
1469 3945 1502 4005 S.
1520 3944 1553 4005 G.

321 4043 453 4105 Ooncilii
468 4045 573 4104 datam
588 4061 639 4103 an.
656 4041 866 4104 lala-un.
885 4045 981 4104 etiam
993 4044 1180 4105 Laurenium
1197 4045 1253 4103 loe.
1268 4047 1322 4103 cit.
1336 4052 1463 4121 quaest.
1476 4041 1557 4111 254,

321 4141 372 4200 ubi
394 4140 537 4217 inquirit,
565 4144 640 4217 quot
661 4145 693 4200 et
714 4141 821 4217 quales
842 4158 909 4200 esse
930 4141 1061 4202 debeant
1083 4146 1244 4201 matronae
1267 4140 1489 4218 inspectionem
1510 4138 1559 4200 l'a·

320 4244 439 4298 cturae.

386 4336 399 4374 ⁴
420 4337 533 4397 Verbis
554 4338 695 4412 septima
716 4354 839 4394 munus
868 4337 900 4396 in
927 4355 1017 4397 sensu
1038 4354 1198 4398 sacrorum
1224 4354 1374 4397 canonum
1404 4334 1558 4412 intelligi-

321 4440 373 4494 tur
403 4435 612 4494 iuramentum
641 4438 758 4510 septem
787 4434 915 4494 testium
937 4436 1117 4512 coniugibus
1141 4435 1380 4512 propinquorum
1403 4435 1454 4493 rel
1480 4434 1558 4494 rici-

321 4551 430 4592 norum
444 4534 640 4604 testantium,
656 4551 690 4590 se
711 4532 854 4599 credere,
868 4535 1026 4607 conircpes
1042 4531 1157 4592 verum
1173 4533 1300 4598 dicere;
1316 4535 1347 4592 et
1368 4531 1436 4592 ideo
1451 4548 1557 4590 eorum

322 4633 533 4693 testimonium
554 4630 731 4709 appellatur
752 4629 792 4687 de
812 4630 1018 4689 credulitate.
1119 4638 1122 4642 ’
