3509 5317
1723 494 2084 554 ..422-

1555 741 1855 792 ‘rrrums
1908 739 2264 801 QUARTUS.

1053 942 1161 1010 De
1209 942 1611 1010 eene-entiae
1657 938 2078 1028 prolatione
2123 946 2198 1008 et
2242 938 2773 1029 publicatione.

809 1166 917 1230 22.
969 1158 1333 1230 Omnibus
1385 1162 1461 1223 ut.
1509 1173 1733 1243 supra
1784 1153 2103 1243 peractis
2163 1154 2262 1226 ad
2326 1155 2769 1226 sententiam
2821 1174 3156 1243 pronun·

676 1270 1021 1338 ciendam
1073 1266 1523 1334 veniendum
1572 1262 1726 1332 erit.
1778 1263 1993 1346 Quod
2048 1268 2123 1333 ut
2187 1262 2284 1331 ab
2353 1262 2744 1332 Ordinario
2794 1279 2934 1331 seu
2985 1263 3155 1332 eius

680 1378 1017 1462 delegato
1069 1374 1197 1442 rite
1245 1374 1393 1454 fiet,
1441 1374 1513 1438 in
1563 1371 1825 1458 primis
1856 1390 1897 1440 a
1932 1368 2330 1441 defensore
2366 1369 2816 1440 matrimonii
2852 1369 3154 1458 exquiri

680 1486 897 1554 debet
945 1482 1365 1566 declaratio,
1401 1480 1533 1546 eibi
1585 1478 1759 1547 nihil
1799 1478 2126 1566 amplius
2162 1477 2693 1548 deducendum
2741 1485 2872 1547 aut
2920 1476 3155 1565 inqui·

680 1594 997 1658 rendum
1049 1610 1485 1674 eupereeee;
1547 1585 1817 1655 deinde
1864 1585 2154 1672 integra
2202 1603 2439 1655 causa
2493 1585 2799 1654 duobus
2844 1592 2981 1656 aut
3041 1584 3148 1653 tri·
3227 1585 3243 1596 ‘

680 1702 825 1766 bue
873 1698 1041 1766 virie
1077 1698 1345 1786 peritie,
1397 1698 1453 1762 ei
1509 1693 1764 1764 baberi
1799 1694 2106 1780 possint,
2141 1692 2651 1763 examinanda
2687 1691 3153 1779 subiiciatur,

676 1814 748 1878 et
797 1806 1085 1874 new-eniel
1137 1806 1385 1874 audite
1433 1819 1700 1874 eorum
1751 1809 1922 1871 voto
1972 1800 2339 1871 sententia
2399 1798 2842 1888 proferatur.

817 1914 1017 1982 Heee
1069 1914 1133 1978 in
1185 1914 1477 1998 eeriptie
1525 1909 1657 1979 erit
1704 1908 2115 1994 exaranda,
2174 1909 2245 1975 in
2282 1926 2527 1996 eaque
2568 1909 2946 1979 rationum
2998 1927 3160 1976 mo·

682 2030 949 2106 mente,
1001 2022 1277 2110 quitiae
1325 2018 1667 2104 innititur,
1703 2037 1803 2088 ex
1847 2035 2212 2104 procaesu
2265 2016 2711 2105 deprompta
2759 2035 3158 2103 exponan-

680 2134 817 2214 tur,
869 2130 1241 2198 enceinrte
1289 2130 1611 2214 quidem,
1661 2125 1798 2196 sed
1847 2125 1941 2195 ita
1985 2133 2263 2212 tamen,
2317 2143 2411 2193 ne
2460 2125 2844 2212 quidpiam
2896 2144 3158 2196 essen-

680 2238 845 2306 tiale
893 2238 1289 2302 emittetur.
1341 2235 1707 2305 Sententia
1759 2233 2306 2320 subscriptione
2343 2233 2605 2302 iudicis
2637 2239 2710 2304 et
2741 2235 3151 2322 secretarii,

680 2366 817 2414 nee
869 2366 1017 2414 nen
1041 2346 1301 2430 -eigille
1349 2346 1601 2413 euriae
1648 2341 2094 2429 episcopalis
2145 2342 2428 2411 munita
2471 2342 2806 2430 partibus
2854 2342 2991 2412 erit
3025 2362 3157 2412 no-

680 2454 1029 2522 tificanda
1077 2474 1209 2538 per
1241 2450 1493 2522 euriae
1522 2449 2025 2539 apparitorem
2061 2449 2312 2520 relicto
2352 2449 2611 2519 iisdem
2665 2449 2864 2520 illius
2896 2469 3157 2520 exem-

684 2562 885 2646 plari,
937 2562 1029 2626 de
1077 2578 1225 2646 que
1277 2562 1345 2626 in
1399 2557 1670 2645 eet-ipto
1708 2556 1902 2628 fides
1949 2558 2083 2626 erit
2130 2556 2489 2628 facienda.
2557 2580 2568 2594 ·

813 2670 921 2738 23.
973 2670 1205 2734 Iudex
1253 2670 1313 2734 ei
1365 2686 1501 2754 pre
1553 2665 1914 2736 validitate
1965 2666 2412 2734 matrimonii
2452 2667 2898 2736 sententiam
2948 2666 3156 2738 dixe-

684 2778 789 2862 rit,
841 2782 909 2842 et
957 2794 1181 2842 neme
1229 2794 1325 2846 eit
1377 2774 1819 2863 coniugibus
1850 2780 2102 2844 contra
2141 2793 2309 2844 earn
2362 2774 2864 2862 appellaverit,
2900 2795 3153 2864 neque

680 2882 1029 2954 defeneer
1081 2882 1521 2950 nielrimenii
1580 2881 1995 2969 appellabit,
2046 2890 2117 2950 et
2165 2900 2391 2951 causa
2455 2880 2657 2951 finita
2724 2892 3150 2954 censeatur.

684 2994 736 3062 E
789 2994 1045 3062 centra
1089 2994 1153 3058 ei
1205 2990 1760 3059 matrimonium
1795 2990 2087 3059 nullum
2134 2987 2370 3059 fuisse
2403 2990 2838 3077 decreverit,
2887 3011 3155 3080 quam-

683 3098 797 3166 τῖε
845 3102 1201 3186 ceniugee
1257 3098 1519 3166 iudieie
1574 3097 1890 3167 Praelati
1941 3097 2473 3185 acquieverint,
2515 3096 2872 3167 defensor
2904 3101 3156 3168 matri-

684 3206 905 3274 monii
957 3206 1527 3294 appellationem
1580 3204 1822 3275 facere
1870 3205 2190 3291 debebit,
2241 3220 2311 3274 et
2373 3224 2651 3274 novam
2698 3207 3146 3277 sententiam

680 3314 777 3382 ab
825 3314 965 3382 elie
1025 3314 1361 3382 tribunali
1417 3314 1835 3402 pestulare3
1904 3333 2132 3403 quam
2213 3313 2787 3402 appellationem
2854 3315 3152 3402 primus

680 3422 905 3490 iudex
957 3426 1313 3506 impedire
1361 3422 1559 3492 nulla
1594 3438 1935 3510 unquam
1987 3423 2269 3493 ratione
2315 3422 2604 3511 poterit.
2653 3422 2954 3491 Interim
2990 3422 3148 3493 nul·

683 3530 969 3598 leterius
1021 3534 1477 3614 permittetur
1523 3531 1861 3619 partibus
1906 3550 2147 3600 novas
2198 3532 2506 3618 nuptias
2556 3531 2759 3599 inire.

813 3638 1173 3718 Quemvie
1241 3638 1705 3726 appellationi
1777 3637 2367 3725 interponendae
2428 3636 2609 3708 nulli
2673 3636 2936 3708 fatales
2984 3638 3143 3707 dies

680 3746 945 3814 vinculi
1001 3746 1365 3814 defeneeri
1433 3746 1676 3815 etatuti
1739 3747 1904 3831 sint,
1954 3747 2380 3816 curandum
2455 3753 2726 3832 tamen,
2785 3751 2866 3816 ut
2915 3766 3144 3835 quan-

680 3854 917 3922 ‘locine
965 3854 1029 3922 id
1085 3854 1229 3922 flat.
1281 3854 1493 3934 Quod
1543 3854 1603 3922 si
1655 3851 2004 3923 defensor
2051 3854 2211 3941 ipse
2259 3855 2400 3924 boc
2466 3872 2751 3925 munus
2797 3855 3140 3945 neglexe-

680 3966 789 4046 rit,
837 3962 1177 4050 siempelli
1237 3962 1329 4030 ed
1385 3962 1450 4030 id
1505 3962 1765 4050 poterit
1822 3961 1938 4031 vel
1986 3982 2033 4032 a
2080 3981 2223 4032 suo
2282 3963 2678 4051 Episcopo,
2742 3964 2859 4033 vel
2919 3963 3135 4033 etiam

680 4070 773 4138 al]
825 4070 965 4158 ille,
1017 4070 1213 4158 apud
1269 4090 1493 4158 quem
1539 4071 1635 4139 de
1683 4070 1844 4139 iure
1890 4070 2290 4158 appellatio
2347 4076 2552 4140 esset
2598 4068 2960 4141 facienda.

809 4182 913 4246 24.
973 4178 1297 4262 lnepeeta
1353 4178 1648 4262 epeciali
1696 4178 2115 4250 conditione
2157 4179 2597 4249 dioecesum
2646 4178 3133 4262 orientalium,

679 4286 865 4350 ercle
913 4286 1425 4370 appelletianie
1473 4284 1623 4369 erit,
1674 4293 1899 4372 prout
1941 4286 2299 4374 sequitur.
2359 4285 2431 4356 Si
2485 4285 2726 4375 prima
2776 4287 3135 4356 sententia

676 4414 712 4462 e
769 4394 969 4458 curie
1021 4394 1417 4478 epieeepeli
1473 4394 1610 4463 leta
1657 4392 1894 4480 fuerit,
1929 4394 2333 4481 appellatio
2378 4394 2508 4463 flet
2539 4394 2630 4464 ad
2682 4395 2972 4465 curiam
3020 4413 3135 4483 pa·

680 4502 1197 4586 trierelmlem3
1245 4502 1301 4570 ei
1361 4521 1535 4570 vero
1583 4523 1624 4572 a
1674 4502 1883 4572 curia
1930 4502 2405 4591 patriarchali
2457 4523 2542 4573 ea
2596 4502 2967 4591 prodierit,
3019 4519 3134 4587 ap·

680 4610 1069 4694 pell-abitur
1117 4610 1205 4678 ed
1261 4610 1329 4678 Ξ.
1369 4610 1661 4679 Sedem.
1713 4611 1893 4678 Item
1943 4610 2039 4681 ad
2088 4611 2439 4681 eamdem
2480 4611 2552 4681 S.
2587 4611 2861 4682 Sedem
2896 4610 3133 4699 appel-
