3509 5317
707 475 866 537 -aa-
996 542 999 550 ,

237 614 293 680 14.
324 612 442 681 Misso
472 615 599 682 autem
634 611 787 699 antiquo
811 611 1055 685 decretalium
1082 614 1163 684 iure
1187 611 1209 699 ¹,
1245 629 1322 700 quo
1349 611 1407 680 tri·

170 718 260 806 plex
273 718 535 805 eratoognatio
546 716 748 804 spiritualis
761 720 1042 804 matrimonium
1057 719 1248 805 dirimens,
1266 735 1404 805 nempe

166 824 402 916 paternitas,
428 824 737 916 compaternitas,
756 824 991 915 fraternitas
1015 828 1120 900 etad
1144 827 1274 914 plures
1287 844 1403 914 quam

172 934 283 1003 hodie
299 951 485 1021 personas
502 934 773 1004 extendebatur
790 931 813 1021 ²,
837 935 918 1005 iure
935 955 1034 1005 novo
1051 934 1253 1005 Tridentini
1271 932 1293 1021 ⁸,
1319 933 1405 1001 sub

173 1041 245 1112 lata
277 1042 500 1129 cognatione
530 1038 776 1128 fraternitate,
801 1044 1005 1130 paternitas
1027 1049 1173 1135 tantum
1200 1048 1236 1112 et
1259 1059 1408 1128 compa·

172 1149 327 1217 ternitas
357 1153 568 1233 remanent,
592 1166 802 1236 eorumque
827 1154 960 1221 neutra
984 1150 1032 1220 ad
1057 1166 1198 1219 uxores
1225 1145 1409 1218 transfun-

173 1254 290 1341 ditur3
316 1254 475 1342 ideoque
498 1254 696 1325 statuenda
722 1255 816 1324 baec
839 1262 945 1327 sunt:

242 1364 295 1431 15.
321 1360 514 1452 Primum:
538 1362 715 1450 Cognatlo
738 1361 946 1452 spirituales
962 1365 1099 1434 dirimit
1125 1363 1405 1434 matrimonium

173 1469 222 1539 de
245 1467 329 1538 tare
350 1460 614 1540 ecclesiastiea:
639 1469 674 1538 1⁰
691 1469 786 1540 inter
802 1471 1016 1542 ministrum
1029 1473 1256 1542 sacramenti
1273 1475 1309 1541 et
1321 1469 1410 1539 sub·

174 1577 313 1647 lectum
339 1577 527 1665 huiusque
549 1578 749 1666 genitores,
772 1597 843 1648 seu
866 1579 961 1649 inter
976 1579 1227 1666 baptizantem
1248 1577 1408 1653 velcon·

175 1683 392 1755 llrmanlem
415 1703 465 1753 ex
489 1703 567 1754 una
589 1690 705 1773 parte,
729 1691 766 1755 et
795 1686 1026 1773 baptizatum
1050 1685 1109 1755 vel
1141 1683 1408 1755 confirmatum

174 1797 213 1862 et
235 1792 407 1880 baptizati
432 1792 491 1861 vel
518 1791 729 1862 confirmati
758 1799 905 1880 patrem
937 1798 974 1862 et
1004 1799 1164 1863 matrem
1198 1810 1249 1862 ex
1270 1791 1407 1877 altera;

175 1936 222 1948 -
243 1900 280 1968 2⁰
305 1899 399 1969 inter
414 1900 601 1987 patrinum
619 1898 679 1969 vel
692 1899 894 1970 matrinam
909 1919 959 1969 ex
976 1918 1052 1970 uno
1069 1900 1191 1988 latere,
1209 1906 1245 1969 et
1256 1897 1408 1969 filiolam

179 2005 239 2076 vel
263 2004 421 2075 filiolum
444 2025 654 2092 eorumque
677 2007 865 2096 genitores
889 2026 939 2076 ex
962 2006 1090 2077 altero.

246 2116 300 2182 16.
325 2111 560 2184 meandum:
583 2113 715 2183 Plures
740 2114 983 2202 requiruntur
1016 2113 1260 2199 conditiones
1287 2118 1326 2182 ut
1349 2131 1410 2199 pa·

177 2220 262 2291 trini
286 2221 518 2308 spiritualem
542 2221 764 2292 contrahant
786 2221 1060 2309 cognationem,
1076 2220 1215 2290 scilicet
1230 2222 1264 2289 1υ
1283 2225 1325 2289 ut
1339 2219 1412 2289 sint

177 2326 361 2414 baptizati,
375 2344 501 2396 ¹secus
523 2328 623 2396 enim
647 2315 835 2398 Ecclesiae
850 2329 1008 2416 eiusque
1026 2327 1180 2417 legibus,
1198 2327 1234 2396 vi
1250 2345 1413 2415 quarum

178 2433 252 2503 hoc
275 2433 791 2522 impedimentumstatutum
815 2434 892 2519 luit,
905 2435 1061 2505 subiecti
1080 2452 1156 2503 non
1169 2438 1267 2520 sunt,
1281 2439 1318 2504 et
1329 2451 1414 2502 con·
1544 2485 1547 2496 .

178 2546 381 2629 sequenter
397 2541 597 2629 incapaces
620 2542 900 2613 contrahendae
922 2541 1157 2631 cognationis
1173 2541 1376 2629 spiritualis
1389 2538 1411 2627 ⁸3

177 2646 216 2715 2⁰
240 2655 281 2716 ut
302 2648 376 2717 sint
398 2635 551 2718 rationis
574 2654 781 2737 compotes,
807 2648 898 2737 quia
920 2648 1097 2737 quamvis
1121 2646 1223 2718 nulla
1247 2653 1351 2717 aetas
1363 2647 1412 2717 ad

179 2755 253 2823 lioc
276 2755 323 2824 sit
345 2774 369 2824 a
391 2755 471 2825 iure
495 2745 853 2844 determinatanon
877 2763 1005 2827 essent
1023 2768 1147 2827 tamen
1170 2755 1415 2842 munerispa-

179 2862 264 2930 trini
294 2879 455 2950 capaces
481 2862 543 2951 qui
575 2864 727 2933 rationis
760 2883 833 2934 usu
857 2862 1076 2951 carerent³3
1104 2900 1145 2911 —
1167 2861 1204 2933 3⁰
1233 2868 1274 2933 ut
1301 2863 1415 2932 inten-

179 2969 320 3037 tionem
342 2986 411 3038 seu
434 2970 603 3038 animum
628 2970 792 3041 habeant
814 2972 1042 3059 suscipiendi
1065 2989 1133 3040 seu
1166 2968 1301 3058 agendi
1331 2987 1414 3038 mu·

179 3093 256 3144 nus
279 3074 421 3161 patrini,
444 3073 616 3162 adeoque
639 3094 716 3144 non
739 3075 876 3146 sufficit
900 3095 1004 3147 mere
1029 3075 1263 3146 materialiter
1288 3075 1413 3146 levare

181 3200 202 3251 e
225 3200 335 3253 sacro
358 3179 474 3269 lonle3
499 3201 719 3271 quanquam
750 3202 826 3253 non
858 3185 1069 3272 requiratur
1100 3190 1141 3253 ut
1168 3179 1410 3253 intentionem

182 3289 345 3377 babeant
365 3289 609 3359 contrahendi
637 3290 870 3377 spiritualem
903 3291 1175 3379 cognationem,
1199 3308 1410 3378 quaecum

180 3397 238 3467 ab
254 3396 441 3466 Ecclesiae
463 3401 609 3482 statute,
627 3415 702 3466 non
719 3416 742 3466 a
758 3397 948 3467 voluntate
965 3397 1098 3484 patrini
1110 3398 1282 3484 pendeat,
1298 3398 1411 3467 etiam

180 3504 230 3573 ab
253 3504 447 3592 ignorante
470 3503 528 3572 vel
552 3505 665 3575 etiarn
688 3524 711 3574 a
736 3505 894 3591 nolente,
912 3503 943 3573 si
967 3502 1015 3573 de
1028 3512 1152 3574 cetero
1169 3504 1410 3575 intentlonem

252 3771 262 3808 ¹
285 3770 364 3846 Cap.
392 3771 420 3829 1.
445 3771 484 3829 de
505 3778 633 3848 coquat.
658 3772 765 3847 spirit.
792 3774 829 3828 ia
852 3771 883 3828 6.

250 3866 362 3927 ²vld0
389 3868 523 3946 Pirhing
553 3868 607 3926 lib.
633 3867 665 3927 4.
690 3871 737 3927 tit.
766 3869 817 3927 11.
851 3888 885 3926 a.
911 3872 952 3938 3,·
972 3900 1009 3914 -
1044 3868 1094 3928 rel
1121 3868 1260 3928 Sanebez
1290 3868 1344 3926 lib.
1379 3866 1412 3926 7.

184 3967 270 4044 disp.
289 3966 344 4024 54.
368 3985 404 4025 a.
422 3963 459 4022 9:
480 3966 572 4027 citati
593 3985 612 4026 a
633 3967 786 4028 Laureolo
810 3967 864 4025 lib.
884 3967 914 4025 4.
941 3970 988 4025 tit.
1011 3966 1063 4025 11.
1082 3972 1207 4042 quaeat.
1224 3963 1304 4024 203.
1327 3984 1362 4023 n.
1384 3964 1413 4023 1.

251 4066 369 4125 ⁸Seaa.
394 4063 449 4124 24.
474 4083 501 4125 e.
526 4065 558 4124 2.
582 4066 622 4125 de
643 4068 776 4141 reform.
801 4067 946 4138 matrim.

252 4166 265 4203 ⁴
285 4167 413 4226 Barbos.
443 4165 557 4225 Saach.
586 4165 676 4225 Pirh.
700 4165 811 4242 Laym.
841 4165 933 4225 citati
955 4162 1154 4224 a·Leureni0
1182 4170 1306 4239 quaeat.
1330 4158 1418 4228 209,

185 4265 237 4323 ubi
259 4263 419 4324 illationes
440 4264 520 4324 scitu
535 4264 686 4342 perutiles
707 4264 806 4341 quoad
828 4263 983 4324 infidelem
999 4263 1209 4340 baptizantem
1226 4260 1324 4321 liliam
1347 4259 1422 4318 fide-

187 4363 238 4435 lis,
261 4366 294 4423 et
313 4362 412 4439 quoad
433 4361 556 4422 fidelem
577 4363 787 4440 baptizantem
810 4363 862 4421 rel
885 4362 1043 4422 levantem
1063 4378 1080 4420 e
1102 4376 1191 4420 saeao
1213 4358 1297 4419 fonte
1318 4357 1419 4417 filium

187 4461 378 4619 lnfldleliffirh.
395 4560 450 4618 lib.
465 4559 497 4620 4.
512 4561 560 4620 tit.
579 4560 629 4619 11.
645 4578 680 4618 a.
696 4558 751 4619 34.
775 4559 877 4620 citans
900 4557 1013 4621 Saaeh.
1031 4559 1085 4618 tlt.
1100 4546 1131 4616 7.
1156 4547 1241 4633 disp.
1259 4555 1316 4614 61.
1330 4574 1365 4615 a.
1385 4555 1415 4614 3.
