3509 5317
863 520 1021 580 ..14-

392 655 423 722 5.
449 653 591 722 Verum
606 654 777 724 utrolibet
791 651 872 724 iure
885 654 1004 723 dirimi
1018 655 1122 724 dicas
1139 655 1418 724 matrimonium
1450 656 1554 743 gravi

326 779 375 829 ex
392 767 493 829 metu
506 761 647 847 initum,
664 761 752 831 illud
766 781 834 849 pro
848 770 949 832 certo
974 762 1202 845 habendum,
1218 763 1290 831 hoc
1313 763 1556 849 impedimen-

326 871 406 935 tum
430 866 747 953 dispensationem
772 868 874 938 haud
911 869 1115 939 admittere.
1142 869 1232 938 Crem
1255 870 1355 938 enim
1381 874 1421 937 ut
1445 868 1558 955 loqui·

326 980 386 1043 tur
405 974 621 1044 Alexander
643 972 714 1042 ΙΙΙι
740 974 862 1044 locam
886 995 959 1044 non
973 974 1114 1044 iubeat
1135 994 1337 1044 consensus
1359 973 1422 1043 ribi
1436 979 1557 1044 metus

325 1080 383 1150 oei
404 1079 546 1151 coactio
570 1079 777 1168 intercedit,
802 1101 951 1152 necesse
975 1087 1044 1168 est,
1082 1087 1123 1151 ut
1147 1080 1210 1150 ubi
1230 1101 1408 1151 assensus
1439 1081 1559 1151 euius-

255 1257 256 1260 ,
324 1189 442 1278 quam
465 1188 690 1278 requiritur,
717 1187 920 1260 coactionis
937 1188 1100 1260 materia
1112 1188 1331 1280 repellatur.
1348 1229 1371 1238 —
1384 1191 1478 1258 Hinc
1490 1196 1555 1274 est,

258 1314 263 1321 ·
325 1305 366 1366 ut
388 1316 504 1384 saepe
526 1316 626 1366 novo
658 1298 849 1385 liberoque
878 1316 1068 1368 consensu
1096 1298 1335 1368 convalescat
1365 1298 1555 1367 matrimo-

325 1404 447 1490 nium,
473 1406 574 1492 quod
599 1405 744 1474 irritum
769 1410 892 1475 metus
915 1425 984 1475 seu
1010 1406 1066 1475 vis
1093 1402 1230 1475 fecerat
1245 1403 1267 1471 ².
1296 1405 1356 1474 Sic
1380 1422 1448 1492 pro
1472 1422 1558 1472 con-

325 1530 464 1582 sensus
488 1510 729 1582 ratificatione
753 1513 868 1600 accipi
898 1512 1016 1598 debet,
1042 1512 1078 1580 in
1114 1510 1195 1581 loro
1222 1512 1355 1583 saltem
1387 1517 1555 1596 externa,

325 1619 355 1687 si
380 1639 468 1705 pars
492 1639 590 1706 quae
615 1620 691 1688 vim
716 1624 780 1689 aut
804 1627 948 1690 metum
974 1638 1086 1707 passa
1112 1624 1178 1706 est
1194 1621 1393 1707 sciensque
1410 1619 1553 1688 irritum

324 1725 442 1797 faisse
465 1729 694 1816 coniugium,
718 1727 873 1798 alteram
899 1734 1055 1816 partem,
1080 1747 1167 1796 cum
1181 1746 1254 1815 qua
1270 1745 1320 1796 ex
1332 1728 1368 1795 vi
1383 1726 1440 1797 vel
1452 1731 1553 1795 metu

324 1838 564 1904 contraxerat
588 1834 881 1920 matrimonium,
908 1834 1023 1903 libere
1047 1853 1207 1920 prorsus
1230 1852 1276 1903 ac
1294 1833 1450 1903 maritali
1476 1851 1557 1920 pro·

325 1946 505 2029 sequatur
528 1958 669 2027 amore,
696 1947 841 2010 etcum
867 1959 911 2011 ea
935 1945 1068 2028 sponte
1092 1940 1249 2010 domum
1274 1959 1318 2009 ac
1341 1945 1465 2010 torum
1491 1941 1554 2010 ha-

324 2050 410 2119 beat
438 2067 682 2118 communem
708 2047 731 2116 ⁸.
754 2086 777 2096 -
806 2049 901 2118 Hinc
925 2048 1113 2136 quaedam
1151 2048 1284 2118 sedulo
1325 2047 1558 2118 animadver-

324 2159 438 2228 tenda
460 2166 548 2227 sunt
572 2176 648 2245 quo
672 2157 719 2229 ad
743 2176 929 2246 personas
952 2176 1050 2245 quae
1075 2157 1155 2226 iure
1186 2162 1345 2244 possunt
1374 2174 1556 2226 accusare

326 2265 605 2334 matrimonium
631 2282 719 2333 cum
744 2264 865 2352 agitur
894 2264 941 2332 de
973 2264 1239 2350 impedimento
1271 2265 1399 2352 gravis
1434 2268 1555 2331 metas

323 2371 420 2441 illati.
446 2372 630 2452 Quamvis
654 2371 753 2439 enim
779 2372 814 2439 in
841 2371 913 2439 hoc
936 2375 972 2440 et
995 2372 1031 2439 in
1056 2389 1149 2440 casu
1173 2368 1330 2455 erroris,
1358 2369 1448 2440 solis
1472 2388 1556 2439 con·

324 2477 475 2568 iugibus
497 2465 685 2566 competat
708 2479 766 2547 ius
789 2479 991 2548 accusandi
1016 2479 1064 2549 de
1086 2478 1251 2550 nullitate
1264 2478 1554 2563 matrimonium,

324 2584 525 2673 aliquando
550 2592 675 2655 tamen
699 2583 779 2654 fleri
804 2590 934 2672 potest,
960 2591 1001 2654 ut
1016 2587 1086 2672 ipsi
1102 2588 1283 2673 coniuges
1296 2586 1367 2654 hoc
1384 2586 1442 2654 ius
1455 2585 1557 2655 amit·

324 2698 411 2779 tant,
437 2711 532 2776 cum,
550 2711 688 2779 nempe
715 2693 784 2761 iuri
813 2711 885 2761 suo
922 2694 1231 2778 renunciaverint
1267 2711 1444 2780 novoque
1470 2711 1556 2763 con-

324 2819 442 2870 sensu
466 2800 746 2870 matrimonium
772 2804 808 2869 et
831 2799 996 2869 validum
1022 2804 1058 2868 et
1091 2804 1215 2869 ratum
1249 2799 1487 2869 reddiderint.
1510 2835 1556 2849 -

324 2907 398 2978 Sed
421 2907 469 2976 de
494 2908 565 2975 hoc
589 2906 780 2993 agendum
805 2909 874 2977 erit
897 2905 992 2977 infra
1017 2927 1099 2995 cap.
1128 2907 1189 2992 Vl,
1216 2913 1290 2976 art.
1314 2910 1353 2992 2,
1387 2927 1422 2975 n.
1456 2910 1493 2993 4,
1522 2910 1554 2975 6.

324 3016 376 3086 lta
401 3034 491 3085 vero
515 3032 615 3084 novo
639 3015 756 3083 elicito
780 3016 828 3085 ad
853 3017 1134 3085 matrimonium
1159 3034 1359 3099 consensu,
1385 3014 1556 3085 servatis·

323 3142 398 3211 que
422 3123 469 3192 de
501 3123 582 3191 iure
606 3122 803 3192 servandis
828 3120 858 3207 ⁴,
883 3123 914 3191 si
938 3121 1125 3192 oecultum
1155 3122 1464 3210 impedimentum
1494 3141 1557 3190 ex·

297 3237 300 3243 ’
326 3231 398 3316 titit,
423 3248 580 3300 necesse
603 3247 678 3297 non
704 3231 772 3299 erit
797 3249 932 3299 rursus
956 3249 1084 3299 coram
1122 3230 1287 3316 parocho
1322 3247 1551 3298 consensum

323 3357 508 3408 renovare
533 3356 583 3407 ex
606 3339 799 3406 communi
816 3338 994 3423 doctrina,
1008 3357 1124 3424 quam
1138 3338 1359 3408 Benedictus
1376 3337 1465 3406 XIV
1477 3337 1555 3423 plu-

328 3446 435 3515 ribus
459 3444 659 3516 confirmat
683 3443 713 3532 ⁵,
738 3446 805 3514 sed
829 3452 887 3515 sat
910 3446 979 3514 erit
1001 3445 1030 3513 si
1055 3445 1151 3515 clam
1182 3447 1274 3515 inter
1293 3445 1557 3514 contrahentes

323 3554 456 3623 iterum
481 3553 655 3623 eliciatur.
676 3590 699 3600 -
722 3553 840 3621 Secus
853 3552 884 3620 si
893 3549 1084 3640 prcblieum
1106 3551 1223 3621 evasit
1234 3551 1555 3639 impedimentum.

392 3767 402 3804 ¹
425 3768 497 3844 Gap.
522 3786 598 3825 crim
623 3767 729 3824 locum
754 3764 807 3824 14.
832 3766 1103 3841 desponsalibus
1126 3767 1400 3824 etmatrimonio.

389 3863 401 3902 2
423 3865 496 3942 Gap.
514 3866 558 3923 ad
574 3865 608 3923 id
623 3864 679 3922 21.
699 3866 768 3923 eorl.
785 3867 832 3922 tit.
851 3897 889 3908 -
905 3864 984 3924 Vide
1000 3865 1180 3940 Fagnanum
1196 3862 1228 3922 in
1243 3882 1310 3941 cap.
1329 3864 1430 3939 isqui
1449 3860 1503 3929 30,
1517 3863 1559 3922 de

323 3964 545 4039 sponsalibus,
566 3981 602 4022 n.
620 3962 677 4031 44,
699 3962 750 4021 ubi
773 3963 868 4022 habes
892 3980 929 4021 ea
951 3963 987 4021 de
1008 3980 1042 4022 re
1056 3963 1172 4021 editam
1194 3979 1213 4020 a
1235 3962 1268 4021 S.
1293 3962 1349 4020 Pio
1371 3961 1398 4019 V
1418 3960 1558 4020 declara-

324 4063 450 4121 tionem.

390 4159 401 4196 ³
424 4159 484 4219 cit.
510 4177 576 4236 cap.
601 4159 645 4216 ad
667 4157 701 4217 id
722 4157 779 4216 21.
804 4158 844 4218 de
864 4161 1011 4237 sponsal.
1036 4167 1068 4219 et
1086 4160 1310 4218 matrimonio.

391 4257 402 4293 ⁴
423 4256 489 4317 Gir.
514 4257 673 4316 Benedicti
694 4256 770 4316 XIV
792 4256 903 4317 Instit.
928 4257 984 4316 87.
1008 4276 1043 4316 a.
1070 4255 1114 4313 59
1137 4265 1169 4316 et
1187 4275 1272 4334 seqq.

390 4354 485 4414 icit.
510 4354 593 4413 [nst.
619 4353 674 4412 87.
700 4372 759 4413 aa.
785 4353 909 4416 62-63.
934 4356 985 4415 ubi
1007 4355 1202 4433 distinguens
1222 4355 1349 4414 occulta
1372 4371 1393 4411 a
1411 4352 1556 4429 publicis

323 4453 563 4531 impedimentis,
591 4454 717 4514 scribit:
746 4453 814 4513 «Si
841 4455 1074 4514 matrimonium
1100 4454 1222 4532 publice
1244 4454 1356 4512 initum
1378 4456 1427 4512 est
1451 4470 1556 4511 coram
1632 4463 1635 4468 ·

324 4552 489 4630 «parocho
511 4557 544 4612 et
565 4553 678 4612 duobus
699 4552 843 4624 testibus,
860 4556 893 4613 et
914 4553 1165 4630 impedimentum
1187 4569 1304 4628 quoque
1322 4550 1456 4626 publice
1470 4550 1558 4608 inno-

324 4653 465 4724 ‹tuerit‚
493 4652 573 4711 idem
600 4651 832 4710 matrimonium
860 4652 922 4710 rite
950 4651 1129 4711 confirmari
1158 4650 1274 4727 nequit,
1306 4648 1366 4708 nisi
1392 4663 1556 4708 consensus
