3509 5317
880 461 1059 523 ..454-

349 606 547 688 parentum
570 618 657 671 sese
680 599 870 671 liberaret:
896 605 1022 671 utrum
1046 619 1179 688 preces
1205 601 1426 689 adhibuerit,
1459 610 1588 674 utrum

349 729 418 779 usa
442 705 550 778 fuerit
573 726 687 794 opera
711 707 872 778 aliorum
900 708 947 779 ad
983 714 1158 794 parentes
1192 729 1211 779 a
1248 711 1440 798 proposito
1472 711 1591 780 dimo

350 815 503 901 vendos,
528 828 654 886 utrum
678 820 714 884 et
736 815 928 904 quomodo
951 814 1142 904 propriam
1170 818 1406 888 aversionem
1433 823 1470 887 et
1503 836 1590 887 con

349 924 573 994 trarietatem
596 925 632 992 in
657 922 746 993 illud
771 923 1051 993 matrimonium
1074 922 1358 1013 significaverit,
1391 932 1519 995 utrum
1552 931 1589 995 et

348 1032 540 1121 quomodo
564 1032 677 1104 altera
703 1050 794 1119 pars
816 1049 974 1118 operam
996 1029 1140 1103 dederit
1165 1038 1205 1101 ut
1229 1032 1515 1103 matrimonium
1534 1053 1588 1103 re

350 1158 437 1210 vera
469 1139 765 1210 concluderetur.
797 1140 1120 1212 Considerandum
1151 1141 1235 1227 erit,
1270 1145 1399 1210 utrum
1431 1142 1588 1228 quando

348 1256 563 1319 contractus
586 1247 869 1318 motrimonialis
893 1256 974 1318 erat
995 1249 1221 1338 signandus,
1255 1247 1410 1318 libenter
1439 1254 1476 1318 et
1505 1249 1588 1319 sine

351 1356 423 1425 ulla
446 1356 709 1442 protestatione
733 1357 767 1427 id
793 1355 1023 1445 praestiterit,
1049 1363 1176 1427 utrum
1200 1356 1325 1444 aliqua
1349 1355 1455 1426 fraus
1486 1356 1590 1426 adhi-

350 1464 422 1533 bita
448 1464 494 1533 ad
519 1464 631 1534 talem
655 1463 952 1554 obsignationem
984 1464 1243 1551 obtinendam;
1274 1465 1468 1552 quomodo
1500 1481 1588 1533 sese

348 1573 514 1661 gesserit,
538 1572 617 1641 sive
640 1572 794 1661 quando
819 1574 1033 1645 necessaria
1056 1591 1125 1660 pro
1142 1572 1381 1642 matrimonio
1405 1571 1590 1659 paraban-

349 1688 419 1766 tur,
443 1679 523 1748 sive
546 1679 698 1767 quando
722 1681 769 1750 ad
793 1698 1024 1751 consensum
1049 1681 1301 1769 promendum
1327 1679 1490 1750 adducta
1508 1677 1587 1763 luit,

350 1788 429 1856 sive
451 1785 604 1874 quando
628 1794 713 1874 post
735 1787 865 1858 datum
889 1806 1121 1858 consensum
1144 1786 1282 1856 festum
1309 1786 1475 1874 nuptiale
1494 1785 1589 1856 cele·

349 1895 538 1981 orabatur,
565 1901 689 1965 utrum
715 1915 851 1983 nempe
876 1896 934 1966 his
958 1896 1135 1965 omnibus
1161 1895 1299 1979 hilaris,
1324 1900 1517 1983 prompte,
1550 1900 1589 1963 et

350 2001 444 2070 laeta
468 2001 653 2087 adstiterit,
677 2024 725 2075 an
742 2020 866 2073 secus.
883 2002 1161 2074 consideranda
1179 2020 1332 2091 quoque
1348 2004 1430 2071 eius
1447 2002 1588 2091 agendi

350 2110 441 2178 ratio
457 2128 546 2198 erga
563 2110 717 2181 alteram
736 2118 891 2199 partem,
908 2117 944 2182 et
955 2129 1044 2198 erga
1061 2111 1231 2182 eiusdem
1243 2109 1421 2180 familiam
1431 2129 1441 2197 3
1457 2113 1586 2179 utrum

349 2237 485 2305 nempe
509 2219 690 2290 benevola
715 2225 750 2290 et
773 2220 990 2307 affectuosa,
1016 2227 1144 2290 utrum
1168 2220 1323 2289 libenter
1346 2228 1382 2289 et
1405 2220 1488 2288 sine
1523 2236 1589 2306 op

350 2326 529 2413 positione
552 2327 600 2396 ad
624 2326 744 2398 officia
770 2329 1055 2400 matrimonialia
1078 2347 1163 2398 sese
1187 2327 1418 2410 exhibuerit,
1443 2345 1492 2395 an
1519 2325 1589 2396 eis

348 2432 436 2502 dem
460 2434 646 2519 obstiterit,
664 2455 707 2506 ea
724 2436 942 2524 praesertim
969 2437 1015 2505 de
1038 2454 1174 2506 caussa
1192 2436 1280 2523 quia
1301 2434 1587 2505 matrimonium

349 2541 494 2611 nullum
519 2544 712 2632 putaverit,
737 2549 850 2632 atque
873 2551 914 2614 ut
938 2544 1073 2614 melius
1108 2543 1200 2614 tueri
1230 2548 1356 2629 posset
1388 2543 1584 2631 propriam

348 2652 563 2723 libertatem.
597 2653 653 2722 Ad
679 2652 750 2721 hoc
774 2657 1005 2740 postremum
1035 2651 1175 2722 lactum
1200 2650 1442 2740 probandum
1467 2652 1589 2721 consi·

348 2761 470 2831 derari
504 2760 634 2844 debet,
659 2766 786 2830 utrum
811 2761 882 2830 hac
904 2759 951 2830 de
974 2777 1111 2830 caussa
1135 2759 1230 2828 inter
1267 2760 1448 2848 coniuges
1479 2758 1587 2846 ipsos

348 2876 451 2938 ortae
474 2870 548 2937 sint
571 2868 649 2938 lites
673 2878 709 2937 et
731 2868 995 2952 contentiones
1019 2874 1145 2937 utrum
1172 2867 1244 2936 hoc
1270 2865 1408 2938 iactum
1433 2864 1588 2936 manile

348 2977 546 3062 staverint,
570 2976 786 3063 atquibus,
811 2993 835 3043 a
862 2993 938 3063 quo
973 2983 1143 3062 tempore
1180 2980 1264 3062 post
1302 2974 1584 3044 matrimonium

348 3084 439 3153 istae
462 3083 719 3172 querimoniae
742 3082 954 3170 inceperint,
971 3088 1008 3153 et
1023 3102 1072 3153 ex
1088 3102 1163 3171 qua
1190 3101 1326 3153 caussa
1347 3081 1404 3151 vel
1429 3082 1583 3166 ratione,

349 3197 475 3261 utrum
498 3190 546 3261 ad
569 3190 662 3261 tales
686 3191 767 3279 lites
790 3198 825 3259 et
847 3190 1102 3260 dissensiones
1120 3189 1305 3259 tollendas
1328 3188 1490 3259 adhibita
1509 3187 1586 3259 iue-

348 3299 419 3366 rint
442 3297 604 3382 consilia,
630 3297 865 3383 hortationes,
890 3298 984 3367 etin
1009 3315 1101 3367 casu
1130 3295 1372 3380 affirmativo,
1396 3296 1584 3393 aquibus

348 3412 383 3475 et
406 3424 482 3495 quo
506 3407 619 3476 exitu.

413 3517 512 3599 539.
536 3514 592 3582 Ad
631 3514 815 3601 praedicta
850 3514 1115 3603 cognoscenda
1145 3512 1180 3580 in
1216 3512 1393 3582 iudicium
1421 3510 1582 3581 vocandi

347 3629 457 3694 erunt
480 3624 593 3693 ambo
616 3623 813 3713 coniuges,
838 3642 1048 3711 eorumque
1077 3628 1261 3709 parentes,
1287 3621 1333 3690 illi
1358 3623 1579 3708 praesertim

347 3732 410 3819 qui
434 3731 481 3799 de
505 3730 694 3801 coactione
726 3729 887 3800 adhibita
912 3735 1154 3815 accusantur,
1179 3738 1217 3799 et
1238 3736 1449 3816 opportune
1477 3728 1582 3797 inter

347 3839 503 3929 rogandi
527 3839 575 3909 de
598 3838 694 3909 iacto
718 3840 810 3926 ipso,
834 3839 882 3909 de
907 3840 1030 3925 modo,
1055 3838 1103 3909 de
1126 3839 1276 3923 animo,
1301 3844 1336 3908 et
1358 3839 1407 3908 de
1428 3836 1506 3905 flue
1531 3836 1581 3905 ob

347 3967 461 4037 quem
485 3946 533 4017 ad
558 3947 633 4014 vim
658 3946 911 4016 adhibendam
927 3946 1026 4016 ducti
1042 3944 1186 4035 fuerint,
1211 3946 1303 4015 ltem
1324 3943 1482 4014 vocandi
1499 3962 1580 4031 pro·

347 4057 473 4149 pinqui
498 4062 534 4126 et
555 4054 755 4127 familiares
779 4054 990 4124 violentiam
1015 4054 1244 4139 accusantis,
1270 4055 1306 4122 et
1328 4050 1577 4141 interrogandi

307 4149 311 4157 ’
348 4169 396 4239 de
418 4167 595 4238 omnibus
610 4184 709 4252 quae
726 4162 785 4233 vel
809 4162 857 4233 ad
880 4167 1064 4249 parentes,
1083 4160 1141 4231 vel
1157 4160 1206 4231 ad
1229 4159 1327 4230 illios
1350 4158 1577 4244 referuntur3

348 4282 474 4346 utrum
509 4273 713 4361 quidquam
749 4288 882 4340 eorum
907 4287 1005 4359 quae
1018 4269 1064 4336 in
1089 4269 1179 4340 actis
1214 4267 1398 4338 habentur
1421 4267 1578 4337 viderint

346 4390 411 4455 aut
433 4381 651 4467 audiverint,
675 4381 812 4469 quidve
836 4379 958 4449 norint
984 4378 1164 4449 accidisse
1192 4378 1241 4448 ad
1266 4395 1348 4447 rem
1377 4376 1575 4464 pertinens,

346 4492 426 4561 sive
449 4494 650 4577 antequam
689 4487 966 4558 matrimonium
1002 4486 1273 4573 celebraretur,
1297 4486 1378 4554 sive
1408 4489 1576 4570 tempore

346 4596 643 4676 cohabitationis,
666 4596 745 4664 sive
769 4600 855 4682 post
876 4594 1080 4681 coniugum
1109 4592 1406 4681 separationem,
1429 4590 1461 4659 si
1486 4589 1576 4659 haec
