3509 5317
1364 557 1785 619 -435—·

318 702 575 768 contra
623 698 1028 781 constiterit
1057 717 1255 784 eum,
1291 699 1415 786 qui
1447 699 1806 785 discessit,
1840 717 2260 786 numquam
2294 697 2768 785 epistolarum

318 806 860 875 commercium
911 805 1271 875 habuisse
1317 824 1491 874 cum
1544 824 1682 875 sua
1732 803 2025 891 familia,
2081 812 2211 875 aut
2256 824 2431 875 cum
2483 806 2772 894 propin-

315 911 486 999 quis
546 916 618 980 et
662 911 942 998 amicis,
1004 910 1359 981 iudicium
1423 930 1628 981 mere
1686 913 2121 1001 negativum
2186 912 2469 982 nullam
2518 912 2776 999 proba*

318 1019 592 1088 tionem
642 1017 890 1089 facere
940 1020 1221 1106 poterit.
1257 1020 1837 1090 ponder-andum
1879 1039 2182 1108 quoque
2229 1021 2364 1091 erit
2407 1039 2650 1109 genus
2683 1022 2776 1090 vi*

317 1133 457 1213 tae,
505 1127 707 1215 quod
759 1127 1158 1197 discedens
1204 1128 1276 1195 in
1324 1126 1567 1197 aliena
1618 1129 1924 1216 regione
1968 1128 2370 1215 amplexus
2416 1126 2662 1215 fuerit;
2712 1130 2772 1198 si

318 1233 544 1303 vitam
580 1239 652 1303 et
683 1239 921 1304 artem
955 1235 1350 1305 militarem
1385 1234 1888 1305 exercendam
1921 1235 2239 1324 elegerit,
2275 1235 2390 1305 vel
2422 1236 2559 1305 arti
2602 1254 2772 1306 nau-

321 1343 501 1412 ticae
548 1345 680 1411 aut
725 1342 1026 1412 servitio
1074 1342 1386 1413 alicuius
1447 1344 1664 1413 navis
1711 1361 1883 1413 sese
1943 1342 2323 1430 addixerit,
2385 1349 2458 1412 et
2509 1361 2776 1430 cogno-

317 1454 590 1535 scatur,
640 1449 715 1517 in
764 1469 916 1537 quo
964 1451 1299 1519 exercitu
1347 1449 1781 1537 militaverit,
1830 1450 2064 1520 autin
2094 1470 2242 1537 qua
2291 1449 2465 1520 navi
2510 1450 2776 1518 servie-

317 1557 425 1642 rit,
474 1557 988 1645 inquisitiones
1035 1565 1256 1629 erunt
1300 1554 1681 1629 faciendae
1728 1577 1965 1646 penes
2013 1560 2246 1628 duces
2292 1559 2665 1629 exercitus
2709 1558 2776 1626 il-

318 1663 481 1749 liuS,
531 1670 602 1734 et
648 1683 882 1750 penes
930 1665 1470 1753 gubernatores
1517 1665 1635 1735 vel
1667 1665 2022 1736 officiales
2069 1666 2303 1737 navis.
2359 1666 2434 1736 Si
2481 1667 2768 1755 cognita

316 1768 587 1839 fuerint
634 1769 817 1857 loca,
867 1771 937 1839 in
988 1771 1266 1859 quibus
1321 1779 1837 1842 commoratus
1898 1778 2028 1860 est,
2078 1774 2149 1841 in
2213 1773 2527 1862 singulis
2575 1773 2772 1850 locis,

316 1881 391 1945 et
435 1877 874 1963 praesertim
925 1878 997 1946 in
1047 1878 1190 1964 illo,
1239 1880 1309 1946 in
1361 1898 1513 1967 quo
1573 1881 2204 1966 commorabatur,
2252 1878 2557 1968 quando
2612 1879 2772 1949 eius

315 1984 582 2055 indicia
631 1984 916 2072 perdita
951 1984 1268 2070 fuerunt,
1303 1987 1906 2075 investigationes
1935 1985 2170 2056 'erunt
2198 1984 2602 2056 faciendae.
2658 1989 2768 2054 Ad

317 2091 459 2161 has
507 2090 829 2162 tribunal
875 2093 1254 2164 adhibebit
1305 2094 1614 2164 idoneas
1679 2113 2074 2182 personaS,
2133 2094 2194 2162 si
2255 2099 2553 2181 praesto
2608 2093 2768 2174 sint,

317 2196 434 2266 vel
481 2198 701 2267 etiam
751 2200 1006 2269 civiles
1054 2201 1543 2287 auctoritates,
1579 2201 1676 2270 ab
1708 2200 1972 2270 iisdem
2007 2199 2451 2287 postulando
2494 2205 2591 2286 ut,
2624 2202 2772 2288 qui-

316 2303 463 2372 bus
510 2305 786 2391 pollent
843 2305 1105 2393 modiS,
1165 2307 1259 2376 de
1323 2308 1444 2377 illo
1506 2319 1971 2395 opportunas
2026 2307 2626 2395 investigationes
2673 2305 2772 2377 fa-

316 2411 476 2497 ciat,
511 2420 734 2499 atque
766 2414 987 2483 etiam
1024 2415 1094 2483 in
1127 2413 1552 2485 subsidium
1587 2421 1949 2486 vocentur
1980 2415 2274 2501 publica
2322 2413 2553 2483 diaria
2594 2432 2768 2484 cum

317 2521 756 2592 indicatione
787 2523 1127 2610 nominis,
1156 2525 1643 2612 cognominis,
1670 2525 1969 2613 patriae,
1997 2522 2497 2612 professionis,
2517 2529 2589 2591 et
2609 2541 2772 2591 con-

317 2627 609 2696 ditionis
659 2628 885 2715 illius,
920 2630 1013 2698 de
1062 2650 1213 2718 quo
1261 2632 1658 2719 quaeritur.
1713 2632 1891 2701 Item
1941 2633 2002 2700 si
2050 2629 2209 2700 fleri
2260 2630 2509 2717 possit,
2560 2629 2775 2698 tribu-

315 2736 439 2804 nal
490 2736 800 2823 curabit,
853 2738 1031 2806 utin
1070 2737 1270 2823 locis,
1322 2739 1390 2806 in
1440 2739 1713 2826 quibus
1747 2740 1942 2808 idem
1977 2743 2492 2807 commoratus
2540 2733 2772 2814 fuerit,

316 2844 609 2932 publica
661 2844 896 2915 edicta
947 2845 1369 2934 affigantur,
1419 2852 1491 2914 et
1536 2847 1804 2933 singuli
1854 2847 2284 2931 excitentur,
2338 2848 2417 2913 ut
2463 2844 2768 2922 notitias,

317 2951 381 3018 si
428 2969 622 3037 quas
672 2951 968 3038 habent,
1019 2952 1246 3021 velint
1303 2953 1800 3039 suppeditare.
1850 2952 1921 3022 Si
1972 2951 2327 3021 omnibus
2372 2951 2527 3018 istis
2574 2951 2772 3018 adiu-

318 3057 589 3126 mentis
639 3057 981 3127 adhibitis
1029 3058 1203 3126 nihil
1253 3060 1558 3129 omnino
1607 3060 1871 3147 poterit
1910 3058 2231 3147 reperiri,
2282 3066 2353 3128 et
2399 3057 2461 3126 si
2506 3076 2772 3126 omnes

321 3166 919 3236 circumstantiae
969 3165 1063 3236 ad
1114 3177 1435 3236 mortem
1484 3169 1751 3255 prioris
1798 3167 2136 3256 coniugis
2180 3172 2351 3236 ante
2396 3165 2772 3235 secundas

316 3273 614 3360 nuptias
660 3274 754 3342 de
804 3292 1129 3360 quarum
1183 3275 1435 3344 valore
1481 3277 1754 3363 agitur,
1818 3276 2353 3345 adstruendam
2403 3274 2772 3360 conspira-

317 3379 573 3463 verint,
623 3379 850 3448 iudex
900 3382 1340 3451 sententiam
1381 3380 1712 3468 proferre
1753 3388 2010 3450 contra
2059 3382 2481 3450 secundum
2534 3382 2772 3448 matri-

320 3486 654 3557 monium
703 3504 854 3554 non
894 3488 1201 3573 poterit:
1250 3506 1398 3556 non
1452 3488 1647 3557 enim
1684 3493 2058 3557 constaret
2088 3487 2181 3555 de
2212 3488 2375 3555 eius
2422 3486 2768 3556 nullitate.

316 3592 532 3673 Quod
582 3593 644 3660 si
695 3593 788 3661 de
840 3593 1314 3662 matrimonio
1369 3593 1878 3663 contrahendo
1926 3599 2211 3683 agatur,
2262 3594 2406 3662 hoc
2452 3594 2768 3680 permitti

314 3717 731 3786 numquam
787 3701 1069 3787 poterit,
1137 3699 1379 3769 donec
1426 3701 1518 3770 de
1569 3708 1809 3770 morte
1867 3701 2135 3788 prioris
2183 3701 2521 3788 coniugis
2568 3707 2768 3769 certi]

315 3807 738 3876 constiterit.

450 3917 559 3985 43.
606 3917 704 3984 At
749 3918 811 3984 si
863 3935 1015 3985 non
1082 3936 1179 3987 ex
1228 3917 1364 3985 isto
1410 3917 1664 4004 capite,
1727 3916 1860 3985 sed
1926 3917 2172 4004 potius
2217 3917 2389 4004 quia
2439 3917 2768 4004 primurn

316 4023 874 4092 matrimonium
926 4024 998 4092 in
1050 4025 1339 4094 haeresi
1389 4030 1520 4094 aut
1549 4024 1952 4096 schismate
1983 4018 2468 4111 contractum,
2517 4026 2768 4094 rescis-

315 4147 489 4199 sum
536 4128 751 4199 fuerit
787 4131 886 4199 ob
932 4132 1153 4201 aliam
1202 4151 1535 4219 causam,
1583 4133 1935 4219 specialia
1965 4134 2337 4220 quaedam
2390 4144 2610 4203 erunt
2649 4134 2770 4202 ob-

317 4236 717 4306 servanda.
751 4240 839 4307 Et
869 4238 1111 4325 primo
1145 4240 1690 4309 advertendum
1731 4249 1860 4327 ost,
1911 4241 2431 4326 Evangelicam
2481 4245 2554 4310 et
2582 4243 2768 4328 Apo-

315 4343 660 4413 stolicam
712 4345 1127 4414 doctrinam
1178 4365 1366 4433 esse,
1417 4336 1973 4417 matrimonium
2025 4347 2266 4418 valide
2314 4348 2768 4419 celebratum

315 4450 504 4518 solvi
553 4468 703 4518 non
743 4470 973 4537 posse
1020 4462 1324 4541 propter
1355 4453 1824 4542 adulterium,
1876 4454 1990 4523 vel
2024 4463 2326 4542 propter
2376 4454 2764 4526 molestam

313 4557 974 4646 cohabitationem,
1025 4564 1153 4628 aut
1200 4560 1505 4648 longam
1558 4565 1628 4629 et
1664 4560 2090 4638 affectata-m
2149 4563 2488 4651 coniugis
2544 4565 2764 4634 unius

312 4663 753 4751 absentiam,
817 4672 945 4735 aut
1005 4674 1307 4754 propter
1368 4667 1568 4736 aliud
1638 4669 2175 4758 quodcumque
2245 4670 2611 4739 motivum
2672 4674 2768 4741 ab
