3509 5317
1359 529 1715 590 ..283-

327 689 365 732 «ι
398 671 695 753 tractuS,
746 671 818 737 vi
864 669 1084 742 cuius
1118 669 1495 755 exemptio
1544 688 1740 756 quae
1789 669 1917 738 uni
1958 687 2057 737 ex
2105 668 2442 755 partibus
2489 686 2781 754 connsu-a

329 798 365 838 ‹
397 774 493 861 tit,
531 774 622 844 ad
659 773 999 861 alteram,
1031 775 1450 846 secundum
1490 777 1713 845 etiam
1749 776 2020 845 civiles
2069 774 2290 864 legeS,
2334 778 2773 844 extenditur,

324 907 362 950 «ι
395 884 790 971 eidemque
835 885 1439 953 communicatur
1471 906 1507 946 »
1562 882 1629 967 (l.
1665 902 1726 952 c.
1777 903 1846 951 n.
1896 884 2035 968 12).
2067 920 2113 929 —
2151 885 2261 952 En
2313 883 2528 970 igitur
2559 902 2773 970 quur-

317 1012 488 1062 sum
541 992 871 1062 recidant
933 992 1293 1078 rationeS,
1346 992 1442 1060 ob
1489 1011 1683 1080 quas
1730 991 1899 1063 data
1947 990 2081 1060 fuit
2127 991 2593 1060 Benedictina
2653 994 2769 1058 lm«

316 1100 618 1170 claratio
666 1100 863 1170 circa
914 1100 1390 1168 matrimonia
1437 1101 1596 1168 sive
1629 1101 2172 1169 haereticorum
2223 1100 2410 1169 inter
2455 1117 2559 1182 se,
2609 1102 2765 1166 siu-w

318 1209 553 1278 mixta
579 1207 654 1275 in
683 1206 1026 1295 praefatis
1060 1206 1489 1296 regionibus
1512 1206 1706 1292 inita,
1736 1226 2010 1294 nempe
2030 1207 2124 1276 ad
2151 1204 2522 1295 defectum
2541 1206 2773 1293 pullis·-

315 1314 628 1386 cationis
661 1315 975 1401 decreti;
1026 1314 1247 1402 idque
1278 1315 1437 1384 sive
1468 1314 1640 1402 quia
1673 1315 1744 1382 in
1785 1315 1946 1383 loco
1995 1332 2145 1383 non
2180 1312 2396 1383 fuerit
2443 1313 2569 1381 rite
2609 1334 2769 1400 {irisa-

316 1423 736 1510 mulgatum
790 1420 1106 1507 (ratione
1155 1420 1295 1489 loci
1322 1422 1394 1489 in
1443 1440 1594 1509 quo
1629 1420 1952 1507 habitat),
2001 1422 2160 1489 sive
2206 1421 2378 1509 quia
2428 1421 2502 1489 in
2549 1426 2773 1490 sos-iv-

316 1537 463 1600 tate
512 1531 877 1600 haeretica
913 1548 1061 1598 non
1097 1529 1513 1617 intelligitur
1546 1529 1999 1615 publicatum
2039 1529 2153 1598 vel
2189 1529 2259 1596 in
2295 1547 2383 1599 ea
2416 1548 2629 1616 quasti
2651 1554 2657 1594 l
2677 1550 2769 1594 m-

314 1656 465 1726 que
521 1637 832 1706 demum
894 1656 1124 1707 causa
1196 1655 1345 1704 non
1408 1637 1603 1724 viget
1666 1635 1990 1721 (ratione
2050 1633 2424 1705 societatis
2486 1637 2558 1703 in
2621 1658 2765 1722 qim

315 1744 536 1829 vivit).
588 1745 944 1815 Rationes
975 1763 1154 1833 ergo
1190 1764 1288 1814 ex
1320 1745 1893 1813 circumstantiis
1945 1745 2304 1814 localibus
2351 1754 2765 1830 emergunt,

313 1855 553 1922 Nemo
586 1862 855 1938 tamen
875 1869 1211 1939 unquam
1244 1870 1584 1921 asserere
1609 1870 1849 1921 ausus
1877 1849 2032 1934 fuit,
2063 1851 2490 1920 huiusmodi
2528 1870 2769 1920 ext-m-

315 1960 643 2047 ptionem
707 1957 1097 2030 haereticis
1164 1965 1592 2047 competere
1654 1958 1876 2028 veluti
1935 1959 2315 2046 quoddam
2376 1958 2769 2047 personali-³

311 2065 827 2156 priuilegium,
879 2067 1081 2156 quod
1129 2068 1447 2154 quisque
1505 2084 1767 2135 secum
1816 2064 2003 2135 ferat
2049 2082 2531 2153 quocumque
2577 2086 2773 2134 cmm-

315 2176 600 2265 migret,
651 2182 722 2245 et
772 2175 1045 2262 ubique
1097 2175 1434 2243 locorum
1486 2174 1864 2259 consistat,
1907 2175 2255 2261 quamvis
2306 2174 2474 2241 inibi
2525 2174 2769 2242 derre-

317 2288 470 2350 tum
525 2281 657 2350 rite
706 2281 1161 2368 publicatum
1215 2282 1323 2364 sit,
1375 2300 1463 2349 ac
1514 2280 1731 2367 plane
1784 2282 2046 2368 vigeat,
2100 2281 2197 2348 uti
2245 2281 2317 2348 in
2370 2280 2589 2350 ltalia,

442 2390 553 2458 40.
605 2389 808 2459 Haec
854 2389 1119 2457 eadem
1189 2388 1302 2457 vel
1351 2389 1579 2457 altera
1639 2406 1787 2456 non
1852 2387 2210 2457 absimilis
2261 2389 2441 2456 ratio
2491 2407 2585 2456 ex
2637 2390 2765 2454 mira

312 2494 782 2564 cccmstantiis
829 2494 1181 2564 localibus
1229 2496 1479 2583 quoad
1533 2495 1867 2565 valorem
1924 2495 2564 2564 matrimoniorum
2609 2498 2769 2562 lim·-

318 2603 717 2672 reticorum
767 2604 954 2671 inter
999 2622 1083 2672 se
1117 2603 1366 2672 itidem
1401 2603 1829 2691 assignatur
1861 2623 1903 2672 a
1940 2603 2068 2670 Pio
2118 2603 2249 2671 Vll
2298 2603 2370 2670 in
2421 2602 2769 2689 praesulis

316 2708 567 2782 litteris
624 2711 763 2780 diei
828 2710 873 2779 8
932 2708 1162 2779 octob.
1220 2711 1436 2795 1803,
1505 2710 1621 2780 vel
1686 2729 1959 2797 nempe
2018 2729 2116 2778 ex
2178 2708 2465 2779 defectu
2521 2710 2765 2778 loss-uit:

315 2818 832 2906 publicationis
880 2818 1173 2902 decreti,
1209 2817 1327 2886 vel
1375 2837 1473 2885 ex
1505 2815 1791 2887 defectu
1832 2818 2105 2910 vigoris
2140 2818 2474 2886 eiusdem
2527 2818 2773 2902 aliqui-

314 2921 457 2989 bus
506 2921 577 2988 in
617 2920 814 2988 locis,
850 2920 1207 2989 Iudicium
1244 2921 1442 2989 enim
1475 2918 1721 2989 ferens
1769 2920 1961 2988 circa
2012 2919 2437 3005 opinionem
2472 2920 2761 2987 illorum

317 3028 440 3113 qui
489 3027 861 3097 docebant
910 3049 947 3089 «
997 3027 1466 3096 matrimonia
1516 3026 2059 3096 haereticorum
2126 3044 2381 3095 coram
2435 3026 2765 3094 ministrs·

319 3153 356 3196 «
387 3133 803 3203 acatholico
836 3133 1001 3202 inita
1051 3132 1468 3220 generatim
1500 3132 1701 3202 nulla
1752 3151 1941 3219 esse,
1975 3145 2199 3220 atque
2246 3132 2436 3202 adeo
2484 3134 2769 3202 validm

321 3263 357 3303 «
390 3238 550 3310 fore
597 3242 975 3310 secundas
1022 3259 1290 3310 eorum
1337 3241 1667 3328 nuptiaS,
1716 3240 1776 3307 si
1826 3241 2055 3309 modo
2103 3259 2358 3308 coram
2410 3244 2769 3309 catholiam

325 3370 360 3410 «
395 3348 730 3434 parocho
776 3349 1313 3418 contrahantur
1344 3370 1380 3411 »
1416 3385 1461 3398 -
1494 3346 1898 3433 respondet
1928 3348 2131 3434 quod
2164 3347 2589 3417 huiusmodi
2629 3354 2769 3434 *qii—

318 3455 439 3526 nio
488 3491 536 3504 -
585 3476 622 3518 «
655 3473 901 3543 neque
950 3454 1274 3543 undique
1326 3475 1496 3525 vera
1550 3466 1679 3539 est,
1732 3473 1870 3522 nec
1918 3456 2098 3522 satis
2146 3462 2329 3541 tuta,
2381 3475 2621 3542 neque
2681 3458 2769 3522 ial-

324 3581 358 3622 ‹
389 3562 591 3629 circo
638 3562 710 3630 in
760 3563 971 3649 praxi
1006 3563 1613 3650 quibuscumque
1653 3548 1725 3655 in¹
1773 3561 2078 3629 casibus
2125 3560 2761 3636 indiscriminatim

320 3689 356 3732 «
390 3669 777 3755 sequenda
827 3692 890 3736 ».
944 3670 1096 3739 lam
1147 3669 1316 3738 inde
1375 3668 1865 3739 animadverti
1921 3675 2195 3756 potest,
2245 3671 2447 3758 quod
2495 3671 2555 3739 si
2609 3674 2769 3738 lmu-

315 3775 537 3860 retici,
574 3775 1032 3864 ubicumque
1064 3776 1397 3845 locorum
1435 3775 1887 3845 clandestine
1919 3777 2361 3844 contrahant
2400 3778 2769 3846 matrimu-

316 3883 433 3951 nia
482 3881 647 3951 sive
695 3883 883 3952 inter
929 3901 1012 3952 se
1059 3884 1217 3952 sive
1265 3902 1441 3952 cum
1494 3894 1700 3969 parte
1747 3882 2129 3968 catholica,
2181 3884 2345 3952 sola.
2389 3884 2765 3955 clandesti-

313 3991 556 4061 nitatis
605 3992 885 4061 ratione
931 4011 1019 4062 ea
1069 3983 1460 4080 nunquam
1494 3996 1747 4061 essent
1795 3990 2135 4076 invalida,
2171 3990 2351 4079 quia
2382 3995 2761 4066 haeresis-25.

318 4100 463 4168 iam
516 4100 973 4187 nequivisset
1020 4098 1357 4169 Pontifex
1405 4099 1776 4186 quosdam
1827 4116 2054 4167 casus
2103 4099 2468 4186 excipere,
2506 4102 2569 4168 in
2625 4106 2769 4186 qui-

317 4208 457 4277 bus
520 4208 676 4278 sola
745 4208 1344 4279 clandestinitatis
1393 4207 1675 4276 ratione
1737 4225 1825 4275 ea
1889 4208 2357 4277 matrimonia
2422 4210 2769 4278 nullllulls

325 4316 493 4384 vitio
544 4315 739 4386 infici
770 4321 1100 4404 possent.
1134 4316 1279 4385 Sed
1314 4315 1589 4384 clai-ius
1635 4315 2156 4402 prosequitur:
2211 4338 2248 4378 «
2296 4317 2537 4387 Probe
2571 4322 2765 4386 enim

321 4444 354 4485 «
387 4424 592 4492 novit
634 4423 1054 4494 fraternitas
1115 4430 1263 4508 tua,
1325 4423 1550 4491 huius
1598 4423 1895 4510 generis
1959 4423 2427 4494 matrimonia
2494 4442 2645 4495 rata.
2701 4442 2765 4494 iffi

325 4530 608 4601 «firma
658 4532 1067 4601 consistere
1114 4529 1203 4599 iis
1255 4529 1327 4597 in
1375 4527 1689 4613 loci3„in
1739 4529 2016 4616 quibus
2063 4529 2354 4599 Concilii
2407 4533 2761 4602 tridenlinl

322 4660 356 4700 «
388 4639 769 4709 decretum
838 4639 952 4708 vel
1012 4657 1403 4726 nunquam
1462 4634 1926 4725 publicatum
1968 4634 2157 4725 suit,
2214 4638 2330 4707 vel
2380 4658 2761 4727 nunqnam
