3509 5317
691 505 869 565 -167-

169 642 288 724 Sotns,
313 643 523 728 Navarrus,
547 641 737 730 Sanchez,
761 642 937 727 Pontius,
962 641 1115 727 Zerola,
1140 640 1393 726 Cabassutius,

168 748 326 837 Sylvius,
351 750 563 837 Fagnanus,
587 749 727 820 Natalis
751 748 976 834 Alexander,
1012 749 1077 835 qui
1111 752 1236 817 tamen
1270 747 1398 816 unani·

167 857 274 925 miter
297 862 451 925 monent
473 874 549 924 non
574 875 688 943 posse
712 858 939 944 Episcopum
965 874 1050 926 eam
1084 860 1304 943 potestatem
1327 856 1396 924 sibi

167 984 362 1052 usurpare,
387 965 457 1033 nisi
472 964 586 1034 simul
601 968 827 1034 concurrant
842 983 912 1033 sex
928 963 1248 1039 circumstantiae:
1266 960 1397 1030 Primo

136 1153 142 1163 Ι
167 1071 311 1156 scilicet,
337 1071 475 1140 utiam
499 1073 780 1142 matrimonium
805 1070 914 1140 fuerit
936 1075 1169 1140 contractum
1194 1070 1229 1136 in
1263 1066 1396 1139 taciem

166 1179 363 1265 Ecclesiae,
387 1179 640 1267 omnibusque
658 1180 828 1249 adhibitis
844 1177 1163 1248 solemnitatibus:
1179 1212 1201 1224 -
1217 1174 1393 1261 secunde,

166 1290 206 1354 ut
228 1289 462 1356 contractum
487 1283 594 1355 fuerit
617 1287 715 1356 bona
738 1276 815 1356 fide
838 1306 888 1356 ex
910 1285 1001 1353 iuris
1024 1288 1090 1353 aut
1117 1282 1201 1353 facti
1228 1285 1398 1372 ignoran-

166 1393 234 1475 tia;
258 1430 281 1440 -
306 1391 427 1478 tertio,
457 1400 495 1462 ut
525 1396 571 1464 sit
593 1401 900 1465 consummatum
914 1414 923 1480 ;
958 1430 980 1442 -
1004 1398 1157 1482 quarte,
1184 1400 1226 1461 nt
1248 1391 1398 1480 impedi·

166 1506 335 1570 mentum
360 1502 406 1569 sit
428 1503 639 1588 occuitum;
663 1539 685 1550 -
708 1500 851 1591 quinte,
878 1508 919 1571 ut
941 1520 1016 1571 non
1042 1501 1160 1588 possit
1183 1499 1287 1571 facile
1303 1500 1396 1570 adiri

165 1610 286 1695 prima
311 1608 439 1694 Sedes,
463 1628 533 1679 seu
557 1609 783 1695 dispensatio
813 1631 835 1681 a
868 1610 968 1698 Papa
994 1609 1166 1694 obtineri,
1196 1609 1246 1678 ob
1274 1608 1398 1678 coniu-

165 1736 257 1806 gum
284 1723 554 1805 paupertatem,
579 1718 830 1804 rusticitatem,
856 1717 1026 1786 iocorum
1050 1715 1263 1786 distantiam
1294 1715 1398 1784 alias·

166 1844 240 1913 que
263 1825 407 1895 similes
430 1844 585 1908 causas;
610 1864 632 1872 -
655 1828 769 1894 secto
792 1826 964 1912 denique,
991 1830 1032 1893 ut
1053 1842 1128 1892 non
1154 1823 1272 1910 possit
1294 1841 1399 1909 sepa·

167 1935 258 2004 ratio
283 1932 364 2003 fleri
388 1935 469 2003 sine
492 1933 717 2003 scandalo...
741 1935 881 2003 Notant
906 1934 1031 2001 itidem
1063 1932 1173 2001 iidem
1207 1932 1396 2014 Doctores,

167 2045 484 2131 dispensationem
516 2043 565 2113 ab
593 2042 778 2129 Episcopo
810 2042 845 2110 in
878 2041 1078 2128 praedictis
1109 2038 1399 2108 circumstantiis

167 2151 377 2234 obtentam,
404 2151 584 2237 prodesse
614 2151 798 2219 duntaxat
828 2167 897 2235 pro
928 2146 1008 2217 foro
1032 2147 1297 2229 conscientiae,
1323 2163 1398 2214 non

167 2264 294 2328 antem
320 2275 387 2343 pro
403 2253 483 2326 loro
500 2262 689 2327 externo..
716 2259 900 2339 Quocirca
915 2257 946 2325 si
965 2255 1272 2342 impedimentum
1290 2257 1397 2323 antea

167 2363 367 2447 occuitum,
393 2368 523 2450 postea
548 2364 759 2452 detegatur,
785 2370 821 2433 et
844 2363 1053 2432 deducatur
1081 2362 1129 2432 ad
1160 2359 1283 2430 forum
1315 2377 1399 2428 con·

167 2470 379 2556 tentiosum,
405 2489 503 2558 opus
526 2472 595 2541 erit
618 2490 716 2540 nova
740 2470 1028 2557 dispensatione,
1054 2491 1075 2541 a
1100 2487 1253 2538 summo
1281 2466 1400 2535 Ponti·
1467 2464 1470 2469 '

167 2574 238 2645 flce
262 2562 532 2662 impetranda»
553 2575 575 2644 ¹.

232 2686 265 2753 9.
291 2685 368 2753 Nec
391 2684 529 2755 desunt
546 2691 736 2772 praeterea
753 2688 943 2772 Doctores
961 2686 1024 2773 qui
1041 2682 1398 2754 extraordinarium

168 2791 354 2878 Episcopo
377 2797 553 2861 asserunt
577 2792 786 2864 facultatem
811 2791 1003 2863 auferendi
1019 2793 1328 2880 impedimentum
1350 2791 1400 2859 di·

169 2899 312 2969 rimens
335 2899 534 2988 occultum,
561 2903 663 2990 qnod
688 2902 811 2971 obstat
834 2902 1071 2971 matrimonio
1101 2919 1178 2971 non
1210 2901 1284 2969 iam
1315 2917 1400 2967 con·

168 3010 296 3091 tracto,
322 2996 389 3076 ¹sed
414 3009 587 3095 proxime
610 3008 888 3094 contraderem,
916 3009 948 3077 si
973 3008 1065 3079 tales
1089 3014 1248 3096 urgeant
1269 3025 1399 3077 rerum

167 3115 479 3197 circumstantiae,
508 3123 547 3186 ut
569 3136 639 3187 nec
662 3136 840 3187 summus
863 3116 1032 3188 Pontifex
1057 3117 1212 3204 consuli,
1237 3135 1307 3186 nec
1324 3135 1399 3187 ma·

167 3224 394 3313 trimonium,
419 3226 466 3295 ad
492 3216 593 3312 quod
617 3227 743 3296 omnia
768 3237 857 3295 sunt
878 3232 1019 3313 parata,
1036 3226 1175 3296 differri
1190 3229 1305 3312 queat
1318 3225 1399 3293 sine

168 3331 347 3401 scandalo
372 3339 437 3401 aut
460 3333 761 3403 contrahentium
786 3331 952 3421 infamia,
978 3352 1101 3420 neque
1124 3332 1194 3403 alia
1225 3337 1402 3420 suppetat

168 3437 260 3505 ratio
278 3436 380 3506 bisce
398 3438 507 3508 malis
521 3439 756 3508 occurrendi.
773 3441 1098 3510 praesumendum
1112 3439 1299 3527 siquidem
1313 3445 1401 3511 tunc

168 3551 233 3631 est,
259 3562 455 3614 summum
481 3544 698 3616 Pontificem
722 3548 760 3616 in
783 3547 970 3617 eiusmodi
992 3547 1253 3637 urgentissima
1271 3566 1400 3616 rerum

168 3653 388 3723 necessitate
397 3652 573 3735 delegare
581 3655 766 3742 Episcopo
779 3660 999 3742 potestatem
1011 3653 1263 3741 dispensandi,
1272 3671 1399 3741 quam,

168 3759 380 3847 requisitus,
404 3778 482 3828 non
505 3766 606 3831 esset
622 3763 654 3831 ei
671 3762 823 3849 quidem
847 3763 1105 3851 denegaturus
1122 3759 1144 3829 ².
1170 3763 1275 3831 Hanc
1291 3760 1402 3831 facul·

170 3871 284 3937 tatem
307 3868 502 3956 Episcopis
525 3869 687 3939 assernit
710 3870 890 3957 Sancbez,
915 3867 1067 3955 nultus,
1088 3874 1128 3939 nt
1143 3869 1300 3957 ipsemet
1316 3869 1402 3937 scri·

169 3973 236 4060 bit,
260 3972 427 4043 auctoris
457 3975 668 4064 patrocinio
699 3974 821 4059 fretus
837 3974 866 4065 ⁸3
898 3977 965 4047 sed
997 3994 1086 4046 eum
1117 3982 1249 4064 postea
1283 3975 1401 4045 secuti

169 4084 258 4148 sunl
281 4081 444 4167 Pontica,
472 4081 674 4168 Hurtadus,
700 4085 825 4171 Perea,
850 4084 1050 4171 Benacina,
1072 4085 1249 4169 Barbosa,
1267 4083 1402 4152 Cabas·

147 4185 306 4290 satius„
337 4188 392 4257 De
422 4187 548 4275 Iustis,
574 4190 785 4276 Wiestner,
817 4191 1040 4277 AnacletuS,
1069 4190 1164 4260 citati
1196 4209 1217 4259 a
1252 4186 1402 4258 Benedi-

237 4430 245 4467 ¹
268 4429 453 4491 Benedictus
473 4424 549 4491 XIV
571 4431 616 4491 De
637 4431 768 4506 Synodo
791 4432 846 4491 lib.
870 4428 903 4490 9.
928 4386 999 4507 cap.
1023 4430 1056 4488 2.
1080 4449 1116 4490 n.
1146 4431 1174 4490 l.

235 4529 247 4567 ³
270 4528 453 4589 Benedictus
474 4530 560 4590 XIV.
585 4533 638 4589 cit.
665 4532 722 4590 loc.
747 4548 782 4589 n.
806 4528 839 4591 2.

237 4627 410 4687 3Sanchez
431 4627 478 4686 De
499 4630 646 4688 matrim.
671 4628 726 4688 lit.
750 4626 783 4687 2.
807 4628 892 4705 disp.
917 4626 974 4687 40.
999 4646 1032 4687 n.
1059 4627 1090 4686 7.
