3509 5317
673 483 832 575 „43ss

203 647 431 739 imperfecta
455 668 525 719 seu
549 647 731 738 simplex,
757 668 833 736 qua
858 669 1019 738 persona
1038 655 1216 722 extranea
1233 652 1367 722 subal-

135 758 250 827 terius
274 762 466 846 potestate,
493 757 543 826 uti
559 761 724 843 paterna,
742 759 951 844 constituta,
969 759 1042 827 sub
1059 777 1180 846 eaque
1196 777 1368 846 manens,

135 866 352 936 auctoritate
375 854 543 935 cuiusvis
571 865 703 934 iudicis
734 884 884 935 merum
909 871 944 934 et
976 867 1137 937 mixtum
1168 867 1370 955 imperium

136 973 320 1060 habentis,
344 972 552 1043 assumitur
575 973 611 1040 in
635 970 754 1042 tilium
780 971 839 1041 vel
864 980 1050 1060 nepotem,
1076 991 1152 1042 non
1177 978 1302 1044 tamen
1327 978 1366 1043 in

136 1077 317 1150 familiam
340 1084 377 1149 et
399 1085 618 1166 potestatem
643 1082 774 1150 transit
789 1078 1010 1167 adoptantis
1028 1087 1065 1149 et
1080 1085 1279 1167 propterea
1294 1098 1369 1149 non

136 1185 178 1255 fit
201 1187 316 1256 huius
339 1187 474 1258 haeres
497 1187 735 1257 necessarius
759 1207 809 1257 ex
834 1191 1063 1273 testamento,
1092 1186 1172 1256 licet
1195 1187 1227 1258 ei
1245 1206 1370 1258 succe·

136 1297 200 1368 dat
223 1297 273 1367 ab
296 1298 465 1366 intestato
484 1293 506 1362 ¹.

204 1407 259 1474 24.
274 1405 391 1475 Porro
413 1402 588 1493 Cognatio
604 1401 732 1493 lepalie
751 1408 809 1474 est
827 1403 1085 1491 propinquitas
1109 1421 1370 1491 personarum,

138 1530 239 1600 quae
262 1513 380 1582 oritur
404 1531 453 1581 ex
476 1509 679 1600 adoptione
702 1509 813 1597 lepali
829 1507 852 1576 ².
877 1512 927 1581 Ita
953 1511 1203 1581 communiter
1225 1513 1303 1579 ΑΑ.

212 1620 365 1690 Certum
386 1625 513 1689 autern
536 1626 603 1706 est,
627 1618 890 1707 cognationem
916 1617 1086 1707 legalem,
1112 1627 1299 1706 quatenus
1316 1623 1372 1687 est

8 1749 10 1754 ’
139 1727 451 1816 impedimentum
475 1725 656 1795 dirimens
681 1725 974 1813 matrimonium,
999 1724 1085 1794 oriri
1104 1743 1154 1793 ex
1169 1722 1372 1813 adoptione

135 1834 312 1925 perfecta
335 1852 404 1904 seu
429 1831 673 1922 arropationc
698 1831 721 1899 ⁸.

211 1938 512 2028 Controuertiiar
534 1945 658 2011 autem
683 1941 778 2011 inter
803 1941 876 2009 DD.
901 1959 948 2011 an
973 1941 1113 2011 oriatur
1137 1940 1247 2010 etiarn
1265 1958 1310 2012 ac
1325 1940 1374 2009 di·

139 2052 251 2120 rimat
275 2049 555 2119 matrimonium
579 2048 750 2136 cognatio
776 2046 904 2136 legalis
927 2067 977 2118 ex
1005 2045 1208 2136 adoptione
1237 2045 1374 2137 imper·

132 2157 241 2249 secta
264 2176 333 2249 seu
356 2153 514 2245 simplici
527 2154 551 2240 ,⁸.
576 2192 619 2203 -—
643 2152 881 2226 Probabitiaa
904 2160 941 2225 et
962 2153 1196 2224 communiae
1224 2172 1300 2224 non
1325 2153 1374 2223 di·

139 2266 249 2352 rimit,
273 2283 361 2334 curn
385 2264 464 2334 sola
490 2263 639 2351 adoptio
659 2260 834 2354 perfecta
850 2262 1041 2333 censenda
1057 2264 1104 2334 sit
1118 2263 1269 2350 adoptio
1286 2280 1370 2350 pro·

140 2375 220 2461 prie
244 2378 280 2442 et
302 2371 516 2459 simpliciter
539 2371 652 2441 dicta:
676 2371 758 2440 sive
779 2371 866 2459 quia
891 2389 958 2458 per
980 2369 1220 2457 adoptionem
1238 2369 1372 2456 imper-

8 2533 10 2548 .
139 2479 277 2552 lectam
301 2479 500 2567 adoptatus
514 2496 598 2556 ,non
621 2480 755 2549 transit
775 2479 812 2546 in
828 2484 1050 2566 potestatem
1065 2484 1101 2548 et
1116 2476 1297 2548 familiam
1312 2475 1375 2546 ad·

139 2588 312 2677 optanda,
330 2592 366 2657 et
381 2591 654 2675 consequenter
670 2587 798 2674 nequit
813 2586 993 2657 naturalis
1016 2585 1295 2655 similitudinem
1312 2602 1372 2654 co·

139 2695 327 2787 gnationis
349 2693 505 2780 referre;
528 2730 575 2745 -
597 2695 678 2765 sive
693 2693 780 2782 quia
797 2694 835 2763 in
851 2694 1051 2781 adoptione
1067 2692 1225 2780 simplici
1249 2690 1375 2763 deficit

140 2804 342 2892 praecipua
369 2802 482 2872 huius
505 2801 759 2889 impedimenti
784 2801 895 2888 ratio,
919 2801 1058 2872 scilicet
1093 2799 1375 2870 incontinentiae

140 2909 352 2997 periculum
368 2909 463 2978 inter
477 2916 659 2997 cognatos
676 2906 824 2997 legales,
840 2925 930 2977 cum
947 2925 1022 2976 non
1046 2912 1211 2976 transeat
1226 2906 1365 2994 adopta

8 2997 10 3014 .
140 3022 202 3086 tus
222 3016 258 3084 in
275 3020 507 3104 potestatem,
529 3014 707 3086 familiam
732 3019 768 3086 et
790 3014 1101 3086 cohabitationem
1125 3014 1336 3101 adoptantis
1352 3011 1375 3081 ⁵.

142 3125 268 3204 Quare
290 3123 504 3194 communis
530 3125 601 3192 DD.
618 3123 801 3193 sententia
816 3121 925 3192 docet
939 3140 989 3191 ex
1001 3122 1201 3208 adoptione
1213 3118 1372 3209 simplici

141 3251 212 3303 seu
229 3229 453 3322 imperfecta
469 3230 609 3303 nedurn
626 3228 819 3315 dirimens,
839 3231 907 3301 aed
923 3249 972 3299 ne
986 3226 1190 3319 impediens
1223 3229 1374 3316 quidem

141 3339 453 3428 impedimentum
477 3340 564 3408 oriri
588 3336 612 3406 ⁶.

209 3449 383 3517 Ceterum
399 3465 486 3515 cum
507 3445 671 3516 Ecclesia
685 3445 757 3516 hoc
774 3444 1085 3532 impedimentum
1102 3442 1292 3512 induxerit
1309 3461 1375 3530 per

143 3554 454 3644 approbationem
478 3553 663 3624 duntaxat
685 3553 831 3623 romani
847 3552 973 3641 quoad
998 3552 1071 3620 hoc
1093 3549 1194 3636 iuria,
1212 3568 1377 3637 cumque

143 3664 272 3734 civiles
294 3664 487 3760 variarum
510 3663 678 3751 gentium
702 3662 805 3750 leges
833 3661 958 3749 quoad
991 3660 1253 3745 cognationem
1278 3658 1378 3747 lega·

146 3771 218 3842 lent
244 3771 331 3859 plus
354 3771 529 3840 minusve
552 3770 687 3840 distent
710 3789 731 3839 a
757 3769 902 3839 romani
927 3768 1018 3836 iuris
1041 3766 1285 3855 occupatione
1308 3784 1377 3836 seu

213 3948 223 3987 ¹
247 3948 385 4008 Sauchez
408 3946 465 4007 loe.
489 3949 543 4007 cii.
568 3965 603 4006 ιι.
627 3947 659 4007 2.
683 3949 797 4007 excit.
825 3950 908 4006 iare.

210 4043 326 4105 *lare
354 4045 571 4105 ecclesiastico
594 4045 803 4121 ‘approbante
835 4046 888 4102 ias
914 4044 1071 4104 civile-
1101 4042 1211 4103 adiicit
1239 4041 1377 4119 Pirhing

149 4143 202 4203 lib.
227 4141 259 4202 4.
285 4145 334 4201 tit.
362 4140 414 4202 12.
438 4160 474 4202 ιι.
499 4145 532 4203 3.

212 4241 417 4301 ιιΙιειιιειιίιιε
439 4239 493 4300 tit.
521 4240 553 4300 4.
578 4242 626 4301 tit.
654 4239 707 4299 12.
733 4248 857 4318 quaeat.
887 4237 968 4297 216.
993 4258 1027 4299 n.
1056 4239 1084 4298 1.
1109 4240 1211 4299 citans
1237 4237 1323 4314 leges
1346 4240 1379 4297 et

147 4356 295 4411 canonem
313 4368 352 4384 -
367 4337 505 4396 Sanchez
529 4338 550 4397 l.
574 4355 602 4397 c.
625 4356 660 4397 ιι.
690 4337 743 4397 17.

214 4436 227 4474 ⁴
247 4435 419 4495 Laureuius
441 4434 497 4494 loe.
523 4437 577 4495 cit.
602 4455 635 4494 ιι.
660 4434 757 4505 2,·-
774 4436 913 4496 Sanchez
937 4436 994 4494 loe.
1020 4437 1074 4494 eit.
1098 4453 1160 4495 ιιιι.
1185 4431 1261 4491 8-9.

215 4533 326 4594 actu.
351 4533 475 4593 daret
497 4533 691 4610 Schmalzgr.
719 4534 773 4593 lid.
797 4533 828 4593 4.
855 4536 902 4591 tit.
932 4532 984 4592 12.
1009 4550 1069 4592 ιιιι.
1098 4532 1219 4593 18-22.

216 4631 390 4692 θΒιιιιειιει
415 4630 436 4689 l.
460 4648 487 4690 e.
512 4650 547 4691 ιι.
576 4632 628 4691 10.
647 4665 682 4677 -
700 4632 896 4710 Schmalzgr.
922 4632 999 4691 idid.
