3509 5317
1718 490 2075 550 —412—

669 634 821 698 triae
861 629 974 698 vel
1009 630 1475 714 Xenodochii
1514 631 1624 701 vel
1661 632 1959 701 militiae
1994 632 2109 702 vel
2143 633 2387 721 etiam,
2422 633 2483 701 si
2517 634 2775 703 haberi
2809 639 3147 721 nequeat

669 742 765 806 ab
813 739 1243 809 anctoritate
1290 738 1809 825 ecclesiastica,
1860 761 1899 810 a
1953 741 2332 811 Gubernio
2378 741 2565 810 civili
2626 741 2763 810 loci
2813 743 2885 809 in
2960 760 3140 829 quc,

677 854 749 914 nt.
801 847 1264 933 supponitur,
1314 865 1644 934 persona
1688 848 1969 918 obierit.

805 962 865 1022 3.
914 957 1147 1025 Porro
1195 959 1660 1046 quandoque
1700 959 1845 1028 hoc
1891 959 2431 1028 documentum
2504 955 2757 1028 haberi
2833 958 3139 1045 nequit;

671 1086 817 1150 qun
869 1082 1048 1134 casu
1098 1064 1393 1134 testium
1442 1064 2031 1154 depositionibus
2076 1066 2584 1153 supplendum
2644 1067 2799 1136 erit.
2872 1068 3143 1136 Testes

677 1194 853 1238 res-⁴}
901 1171 1051 1240 duo
1100 1172 1363 1242 saltem
1414 1191 1586 1242 esse
1632 1172 1925 1258 debent,
1974 1173 2210 1259 iurati,
2258 1171 2409 1243 fide
2455 1173 2677 1261 digni,
2727 1180 2798 1242 et
2866 1173 2993 1260 qui
3043 1174 3142 1242 de

673 1282 861 1346 iim-ts]
910 1279 1213 1366 proprio
1261 1280 1660 1366 deponant,
1709 1277 2146 1350 defunctum
2195 1281 2696 1369 cognoverint,
2747 1299 2837 1351 ac
2867 1280 3019 1349 sint
3042 1281 3145 1349 in-

673 1394 777 1454 iar
829 1406 909 1454 se
955 1385 1371 1456 concordes
1418 1388 1670 1474 quoad
1721 1386 1969 1457 locum
2020 1392 2093 1458 et
2137 1406 2453 1457 causam
2502 1389 2769 1472 obitus,
2798 1387 3139 1481 aliasque

669 1494 1196 1563 sulistantiales
1243 1495 1863 1565 circumstantias.
1914 1496 2052 1577 Qui
2101 1495 2428 1583 insuper,
2478 1495 2540 1564 si
2589 1493 2915 1565 defuncti
2975 1512 3145 1582 pro-

677 1600 925 1686 pinqui
975 1601 1136 1685 sint,
1186 1607 1315 1669 aut
1359 1601 1539 1672 socii
1587 1602 1883 1687 itineriS,
1934 1604 2359 1690 industriae,
2409 1603 2529 1673 vel
2562 1602 2785 1672 etiam
2819 1602 3141 1688 militiae,

677 1730 761 1774 en
813 1707 1054 1795 magis
1102 1708 1398 1795 plurimi
1449 1707 1875 1780 faciendum
1925 1711 2059 1779 erit
2104 1710 2401 1779 illorum
2450 1709 2983 1780 testimonium.

809 1822 869 1882 ³2.
922 1814 1303 1885 Interdum
1352 1836 1553 1885 unus
1600 1822 1886 1887 tantum
1925 1819 2129 1887 testis
2160 1817 2715 1890 examinandus
2750 1818 3139 1904 reperitur,

673 1934 737 1994 ri
793 1926 954 1994 licet
997 1924 1094 1993 ab
1142 1925 1344 1992 omni
1396 1924 1556 1994 iure
1602 1927 2110 1995 testimonium
2165 1927 2391 1995 unius
2416 1924 2530 1995 ,ad
2565 1926 2785 2013 plene
2824 1924 3145 2010 proban-

677 2034 857 2102 [lum
906 2051 1053 2100 non
1106 2032 1554 2129 admittatur,
1605 2040 1931 2104 attamen
1983 2053 2078 2103 ne
2109 2035 2387 2103 coniux
2419 2033 2603 2104 alias
2628 2032 2931 2119 nuptias
2958 2030 3141 2100 inire

681 2145 1097 2226 [Ji-,eruptans
1152 2140 1375 2209 vitam
1424 2140 1781 2210 caelibem
1835 2160 2060 2229 agere
2106 2145 2438 2230 cogatur,
2486 2141 2704 2211 etiam
2758 2140 2987 2208 unius
3048 2142 3144 2208 te·

677 2246 1104 2314 stii’nnnium
1156 2236 1496 2316 absolute
1544 2266 1693 2316 non
1744 2248 2027 2335 respuit
2094 2239 2458 2335 suprema
2526 2247 3019 2335 congregatio
3065 2245 3141 2312 in

677 2354 1110 2423 dirimendis
1158 2354 1588 2423 huiusmodi
1638 2356 1965 2441 casibus
2013 2355 2434 2424 dummodo
2481 2354 2600 2424 ille
2647 2354 2851 2423 testis
2896 2371 3152 2422 recen-

677 2465 829 2530 silis
881 2460 1421 2531 conditionibus
1468 2463 1559 2530 sit
1608 2464 2010 2549 praeditus,
2063 2464 2239 2532 nulli
2289 2462 2704 2549 exceptioni
2737 2461 3143 2545 obnoxiuS‚

677 2594 761 2636 mr
817 2576 1192 2654 praeterea
1246 2572 1409 2640 eius
1454 2572 1819 2658 depositio
1869 2573 2029 2642 aliis
2090 2573 2602 2659 gravibusque
2670 2570 3147 2642 adminiculis

681 2679 1046 2761 i'1.1l÷2*iatur;
1096 2679 1312 2765 sique
1358 2678 1497 2748 alia
1548 2681 1966 2750 extrinseca
2017 2680 2467 2749 adminicula
2517 2680 2757 2768 colligi
2831 2681 3145 2748 omnino

685 2791 1070 2883 nequeant,
1122 2787 1264 2855 hoc
1312 2791 1562 2856 tamen
1610 2792 1895 2857 certum
1947 2789 2057 2872 sit,
2110 2788 2285 2857 nihil
2344 2788 2415 2855 in
2487 2789 2649 2857 eius
2720 2788 3146 2856 testimonio

685 2893 1003 2978 une-inerim,
1052 2894 1255 2980 quod
1305 2912 1455 2962 non
1506 2894 1598 2964 sit
1644 2913 2071 2982 congruum
2122 2905 2345 2984 atque
2377 2896 2683 2964 omnino
2724 2895 3147 2966 verisimile.

821 3006 877 3066 ΓΞ.
929 3000 1294 3089 Contingit
1339 3001 1561 3070 etiam
1612 3008 1692 3071 ut
1740 3008 1965 3072 testes
2013 3004 2447 3073 omnimoda
2497 3002 2648 3073 fide
2695 2997 2893 3091 digni
2960 3004 3151 3072 testi-

685 3106 1015 3189 rivi-ntur,
1064 3124 1148 3175 se
1194 3109 1534 3193 tempore
1598 3127 1748 3176 non
1821 3114 2174 3196 suspecto
2246 3117 2563 3179 mortem
2632 3110 2975 3198 coniugis
3049 3130 3148 3179 ex

681 3214 997 3282 silli-irum
1048 3215 1506 3285 attestatione
1553 3216 1951 3298 audivisse,
2001 3217 2109 3285 isti
2147 3221 2394 3286 autem
2437 3218 2549 3287 vel
2583 3219 2754 3305 quia
2786 3218 3144 3287 absentes

689 3322 797 3390 rel
849 3322 1017 3409 quia
1070 3321 1382 3392 obierint
1433 3323 1545 3393 vel
1594 3323 1819 3394 aliam
1869 3324 1966 3392 ob
2013 3343 2577 3411 quamcumque
2628 3323 3144 3393 rationabilem

685 3445 995 3495 musam
1043 3428 1458 3499 examinari
1508 3438 1926 3517 nequeunt;
1961 3436 2139 3499 tuuc
2171 3430 2357 3499 dicta
2396 3448 2494 3499 ex
2518 3430 2759 3500 alieno
2792 3449 2946 3509 ore,
2974 3449 3151 3517 qua-

685 3546 902 3606 wrm&
948 3536 1302 3605 omnibus
1348 3537 1510 3606 aliis
1555 3538 1628 3605 in
1677 3557 1862 3607 casu
1912 3539 2533 3608 concurrentibus
2572 3537 3151 3607 circumstantiis

685 3654 805 3710 siut
857 3643 1118 3714 saltem
1172 3644 1608 3732 urgentibus
1658 3645 2181 3732 respondeant,
2256 3646 2437 3714 satis
2508 3663 2677 3714 esse
2746 3651 3151 3714 censentur

689 3774 817 3834 prm
869 3759 1233 3837 sequutae
1284 3752 1543 3820 mortis
1593 3752 1940 3839 prudenti
1990 3752 2276 3821 iudicio

817 3858 877 3922 li.
929 3858 1236 3941 Verum,
1289 3859 1492 3927 haud
1540 3859 1776 3929 semel
1812 3860 2267 3946 experientia
2302 3864 2773 3945 compertum
2809 3859 3149 3942 habetur,

689 3966 885 4046 equod
937 3984 1076 4035 nec
1123 3985 1321 4034 unus
1369 3967 1673 4054 quidem
1726 3969 2137 4054 reperiatur
2183 3968 2389 4037 testis
2436 3966 2682 4054 qualis
2727 3985 2970 4054 supra
3034 3965 3154 4035 ad-

685 4074 1012 4142 ela-uitur.
1062 4073 1224 4142 Hoc
1269 4073 1340 4141 in
1391 4093 1573 4145 casu
1626 4075 1961 4162 probatio
2010 4075 2255 4144 obitus
2302 4094 2401 4144 ex
2448 4074 2911 4159 coniecturiS,
2949 4091 3152 4161 prae·

685 4179 1256 4266 sumptionibus
1307 4181 1590 4250 indiciis
1639 4189 1710 4253 et
1755 4183 2121 4255 adiunctis
2168 4182 2776 4270 quibuscumque
2805 4236 2821 4267 ‚
2884 4180 3148 4251 sedula

685 4294 881 4354 rarle
928 4293 997 4356 et
1044 4287 1456 4357 admodum
1509 4295 1723 4360 cauta
1776 4290 2339 4379 investigatione
2395 4289 2729 4359 curanda
2804 4289 2984 4372 erit,
3057 4289 3148 4357 ita

689 4398 1060 4478 nimirum,
1110 4399 1192 4463 ut
1240 4394 1580 4482 pluribus
1629 4398 1800 4466 hinc
1847 4397 2019 4466 inde
2050 4397 2395 4481 collectiS,
2432 4414 2851 4484 eorumque
2882 4401 3146 4465 natura

689 4518 1079 4587 perpensa,
1131 4512 1352 4587 prout
1396 4499 1671 4574 scilicet
1720 4506 2140 4593 urgentiora
2194 4505 2309 4572 vel
2379 4504 2656 4574 leviora
2728 4510 2946 4588 sunt,
3013 4521 3147 4572 seu

697 4610 1035 4694 pri-spiore
1086 4608 1201 4678 vel
1250 4612 1650 4682 remotiore
1698 4631 1901 4682 nexu
1950 4630 2124 4681 cum
2179 4612 2486 4681 veritate
2533 4609 2794 4677 mortis
2854 4611 3153 4678 coniun-

3194 1 3509 259 Ὗ
