3509 5317
730 564 909 635 -13'5..

297 712 468 776 Auunci
493 707 745 777 meridionalis
769 711 804 777 et
827 708 1135 796 septentrionalis.

298 814 533 884 Publioatum
556 813 623 884 fuit
645 814 836 885 decretum
1004 822 1007 827 ⁴

298 922 335 990 in
359 920 556 990 Anterieue
585 917 842 991 meridionalis
877 920 1088 1011 ropionibus
1120 920 1307 1001 omnibus,
1340 941 1436 1010 quee

205 1028 280 1098 suli
303 1028 439 1097 ditione
462 1027 654 1117 quondam
678 1026 828 1097 fuerunt
851 1028 931 1098 sive
956 1026 1217 1118 fflspunoruni
1240 1029 1320 1098 sive
1339 1028 1439 1097 Lasi-

208 1142 388 1205 tunornm
397 1155 414 1220 ;
560 1216 564 1224 Ι

302 1242 472 1327 Curaque
495 1242 715 1312 nominatim
740 1242 777 1310 in
801 1241 974 1327 Menatem
1064 1252 1067 1261 ¹

295 1349 332 1417 in
356 1347 481 1417 insula
495 1368 544 1417 ss.
576 1347 768 1418 Trinitatis
777 1370 794 1434 ;

297 1455 428 1538 Quoad
454 1454 668 1525 Amerieum
692 1455 1022 1545 septentrionalem
1047 1458 1145 1527 idem
1163 1458 1355 1527 decretum
1374 1477 1437 1544 pu·

204 1564 387 1633 blioatum
409 1571 466 1633 est

295 1671 332 1738 in
363 1669 519 1740 Canadu
531 1691 548 1756 ;

297 1778 333 1845 in
358 1775 516 1851 Florida
524 1798 541 1864 ‚·

299 1887 335 1955 in
361 1885 618 1956 Ladonisinno
641 1887 824 1974 superiori
848 1892 885 1955 et
909 1885 1089 1971 inferiori;

295 1995 332 2063 in
367 1992 462 2064 Urbe
486 1992 715 2064 Detroitensi
736 1995 918 2080 (Detroit);

295 2102 332 2169 in
367 2100 462 2173 Urbe
484 2122 531 2171 oe
554 2102 713 2172 dioecesi
736 2101 972 2187 erebeeensi,
999 2102 1133 2172 sellem
1158 2120 1207 2171 ex
1230 2110 1344 2189 parte.

272 2212 327 2277 11.
352 2208 387 2293 b)
412 2211 529 2279 Porro
554 2210 794 2280 tridentinum
817 2212 1012 2280 decretum
1036 2228 1108 2278 non
1123 2208 1204 2297 fait
1218 2209 1434 2299 prontnlpa·

201 2323 286 2385 tum
310 2316 434 2404 quoad

297 2424 476 2493 Eunoran

296 2531 332 2598 in
356 2529 507 2621 Angitiae,
535 2529 657 2600 Scotiu
683 2551 728 2602 ao
755 2531 946 2601 nonnullis
966 2529 1168 2601 Hiberniae
1185 2533 1384 2618 provinciis
1402 2531 1436 2620 1;

294 2639 331 2706 in
355 2637 542 2709 Boriissiu
564 2658 696 2726 presse
719 2646 882 2727 sumptu,
915 2658 985 2709 seu
1014 2639 1199 2728 primitivo
1234 2638 1346 2708 liuius
1374 2657 1437 2708 no-

199 2745 316 2814 minis
340 2746 564 2834 principetu3

295 2853 332 2920 in
359 2852 588 2923 Pomerunia
600 2874 616 2939 ;

295 2959 332 3027 in
358 2957 556 3045 semanim

296 3069 332 3134 in
358 3066 504 3153 Specta,-

295 3172 543 3262 Arpentoruti
566 3173 595 3261 ²3

295 3282 330 3348 in
355 3280 542 3370 plerisque
565 3280 756 3352 Helvetiae
779 3284 997 3370 provinciis3

296 3388 331 3455 in
358 3387 509 3474 Dania;

294 3495 329 3562 in
358 3486 564 3585 Noroepim

203 3708 335 3767 iusmodi
356 3708 575 3785 publicationis
589 3710 826 3771 instrumentum
844 3710 1080 3771 transmittatur
1094 3709 1133 3769 ad
1148 3710 1180 3769 S.
1194 3709 1228 3770 G.
1247 3727 1275 3767 r.
1297 3741 1319 3754 -
1338 3708 1436 3768 Porro

203 3812 270 3865 tam
293 3806 488 3879 Praefectus,
511 3827 603 3884 quam
625 3808 770 3868 Vieerius
791 3808 978 3885 apostolicus
993 3808 1031 3892 ad
1046 3808 1080 3868 S.
1094 3808 1128 3868 0.
1146 3809 1182 3866 de
1195 3813 1322 3885 peraeta
1338 3807 1438 3884 publi·

201 3904 326 3963 catione
347 3904 554 3966 iustrumenta
586 3907 737 3966 miserunt
759 3924 837 3965 anno
861 3905 949 3965 1769.
972 3906 1079 3966 -Alii
1101 3910 1254 3976 asserunt,
1277 3904 1435 3964 decretum

204 4000 396 4078 publicatum
414 4003 507 4063 fuisse
521 4008 554 4064 et
569 4005 600 4063 in
615 4004 745 4064 dioecesi
761 4005 949 4063 Reunionia
964 4022 1016 4064 sen
1033 4004 1066 4064 S.
1083 4002 1238 4077 Dionysii
1251 4002 1325 4079 (Ins.
1341 4002 1437 4061 Bour-

203 4100 287 4177 bou).
311 4099 390 4159 Vide
411 4101 647 4162 tinelli-Natali
670 4103 724 4161 eit.
748 4101 971 4160 Euchiridion
991 4120 1068 4178 pap.
1094 4100 1172 4161 202.

273 4200 409 4265 ¹Quoad
440 4198 626 4259 Hiberniae
654 4203 867 4275 provincias,
893 4199 994 4259 recole
1025 4219 1103 4277 quae
1125 4200 1199 4260 Pius
1220 4200 1265 4261 VI
1295 4200 1435 4261 decrevit

203 4296 253 4355 die
277 4296 299 4352 3
320 4299 436 4355 martii
462 4297 563 4365 1785,
583 4312 718 4374 quaeque
741 4315 836 4374 nuper
857 4298 1023 4357 retulimus
1044 4299 1075 4356 in
1098 4303 1182 4357 nota.

269 4395 421 4474 ²Nempe
442 4414 500 4455 non
522 4395 712 4474 publicatum
744 4397 774 4455 in
806 4396 882 4456 eolis
909 4395 1057 4456 Ecclesiis
1087 4398 1339 4475 protestantium,
1358 4414 1435 4474 quae

204 4493 453 4555 desererentur.
475 4494 576 4555 1529.
600 4494 679 4554 Hinc
701 4512 720 4552 a
741 4494 774 4555 S.
793 4493 826 4554 (i.
844 4494 876 4554 S.
895 4494 931 4553 0.
949 4492 1011 4571 (23
1027 4496 1088 4554 inl.
1111 4492 1214 4572 1842)
1235 4495 1435 4555 matrimonia

204 4593 433 4653 haeretieorum
449 4593 574 4663 vatz‘ua,
591 4594 688 4651 irrita
703 4609 778 4651 vero
793 4592 954 4652 declarate
967 4597 1039 4652 eunt
1053 4591 1277 4652 catholicorum
1292 4592 1436 4669 coniugia

204 4689 283 4749 inita
305 4690 373 4749 aine
395 4690 467 4751 trid.
492 4688 603 4750 forma.
