3509 5317
1753 445 2072 505 ..88-

685 584 957 649 riantur
993 580 1035 649 ¹.
1083 619 1128 631 —
1176 582 1309 650 His
1353 582 1651 669 gemina
1700 583 1954 652 scribit
1999 583 2409 671 Apostolus
2443 582 2488 651 ².
2538 622 2585 633 —
2630 586 2838 666 Quae
2887 588 3135 657 omnia

693 691 1100 761 luculenter
1146 692 1454 778 exponit
1484 691 1957 761 Innocentius
1990 692 2085 760 ΙΙΙ
2117 693 2190 760 in
2224 692 2495 761 celebri
2529 694 2874 763 decretali
2910 691 2955 779 ⁸,
2991 714 3132 781 qua

685 800 777 868 tlt!
839 799 1157 887 paganis
1214 800 1310 868 ad
1374 797 2052 882 fidemconversis
2121 801 2289 888 agit.
2337 838 2379 848 -
2446 800 2960 870 Tridentinum
3020 822 3140 871 au·

689 916 831 972 iuni
882 906 976 975 de
1023 903 1172 975 fide
1207 906 1350 974 hoc
1381 924 1551 975 esse
1583 903 1973 994 definiens,
2006 907 2300 991 scilicet,
2334 908 2842 996 polygamiam
2892 907 3138 977 divino

689 1016 844 1082 inre
892 1014 1189 1083 vetitam
1241 1032 1452 1098 esse,
1502 1015 1642 1082 ait:
1718 1036 1755 1078 «
1804 1016 1878 1084 Si
1927 1016 2098 1102 quis
2144 1015 2413 1085 dixerit
2458 1016 2677 1086 licere
2723 1016 3138 1085 christianis

693 1120 942 1204 plures
987 1120 1210 1189 simul
1263 1120 1542 1191 habere
1594 1140 1893 1205 uxores,
1944 1127 2014 1190 et
2062 1122 2204 1190 hoc
2252 1122 2452 1191 nulla
2499 1122 2659 1211 lege
2690 1123 2935 1193 divina
2973 1142 3139 1193 esse

693 1228 1161 1314 imbibitum,
1211 1229 1611 1298 anathema
1661 1230 1756 1297 sit
1788 1250 1825 1292 »
1862 1227 1908 1291 ⁴.

821 1337 882 1404 2.
936 1357 973 1399 ‹
1022 1335 1228 1420 Hinc,
1277 1336 1376 1405 ait
1432 1336 1791 1419 SancbeZ,
1849 1333 2275 1405 confutatur
2322 1343 2577 1420 aperte
2625 1337 2960 1406 haeresis
3012 1338 3142 1404 Lu-

693 1445 867 1512 [lieri
919 1449 991 1513 et
1035 1444 1717 1530 Anabaptistarum,
1770 1443 1991 1530 impie
2038 1441 2596 1512 defendentium
2648 1443 3138 1531 pluralitatem

693 1569 1038 1634 nixorum,
1087 1569 1317 1637 quam
1353 1556 1427 1619 et
1455 1550 1999 1635 spurcissimus
2032 1551 2515 1621 Mahumetus
2546 1551 2617 1618 in
2658 1549 2975 1620 nefanda
3004 1570 3139 1619 sua

693 1660 849 1744 iege
894 1656 1056 1725 suis
1102 1657 1593 1725 sectatoribus
1640 1656 2016 1726 concessit
2060 1678 2099 1720 »
2139 1654 2183 1724 ⁵.

821 1768 883 1834 3.
933 1767 1047 1834 Ex
1096 1766 1211 1834 his
1257 1765 1478 1854 igitur
1509 1770 1713 1834 certo
1759 1769 2068 1851 constat,
2105 1765 2723 1851 impedimentum
2777 1766 3142 1853 ligaminis

693 1872 853 1940 inne
924 1870 1172 1940 divino
1237 1872 1798 1941 matrimonium
1861 1871 2210 1941 dirimere
2266 1873 2883 1942 contrahendum.
2956 1911 2999 1920 —
3055 1875 3145 1941 At

693 1980 1070 2064 quaeritur
1115 1999 1213 2047 an
1269 1978 1567 2050 dirimat
1612 1980 1836 2059 etiam
1884 1977 2047 2047 iure
2106 1984 2463 2064 naturae,
2518 1999 2653 2048 seu
2703 1999 2799 2049 an
2843 1979 3146 2069 polyga-

693 2084 838 2153 mia
889 2091 1049 2155 tum
1081 2105 1180 2155 ex
1213 2091 1423 2175 parte
1472 2087 1624 2171 viri,
1662 2085 1852 2155 idest
1880 2086 2326 2156 simultanea
2365 2105 2693 2155 uxorum
2741 2086 3141 2173 pluralitaS,

697 2204 845 2260 inni
874 2210 973 2261 ex
997 2204 1208 2278 parte
1231 2190 1572 2279 feminae,
1599 2194 1877 2262 scilicet
1899 2193 2351 2262 simultanea
2381 2193 2712 2261 virorum
2740 2193 3141 2280 pluralitaS,

697 2300 970 2369 nedum
1022 2300 1273 2369 divino
1322 2302 1624 2389 quidem
1676 2302 1855 2388 iure,
1906 2300 2041 2370 sed
2089 2306 2161 2370 et
2208 2300 2527 2370 naturali
2577 2302 2733 2369 iure
2780 2301 2874 2369 sit
2906 2301 3142 2370 vetita.

689 2448 729 2452 —
785 2408 866 2475 Et
934 2407 1186 2493 quoad
1247 2412 1572 2494 primam
1632 2407 2108 2495 polygamiae
2162 2408 2537 2494 speciem,
2602 2408 2950 2495 quamvis
2997 2407 3145 2494 qui-

697 2520 869 2584 rlzirn
919 2517 1081 2601 sint,
1131 2518 1259 2603 qui
1305 2535 1481 2585 cum
1545 2517 1931 2602 Abulensi,
1985 2516 2365 2603 Durando,
2415 2516 2763 2586 Caietano
2808 2516 3142 2602 doceant,

701 2632 856 2712 lvge
903 2627 1154 2695 divina
1202 2630 1488 2695 tantum
1533 2624 1888 2715 positiva,
1945 2645 2094 2694 non
2144 2634 2398 2696 autem
2448 2624 2787 2694 natarali
2829 2625 3145 2712 prohibi-

697 2742 840 2800 imn
895 2751 1064 2802 esse
1124 2731 1650 2801 simultaneam
1710 2732 2214 2820 pluralitatem
2276 2750 2625 2817 uxorum,
2675 2732 3149 2801 communior

697 2852 942 2909 minen
992 2840 1376 2925 sententia,
1426 2859 1655 2926 quarn
1721 2850 2145 2927 sequuntur
2211 2841 2461 2926 magni
2528 2840 2850 2908 nominis
2897 2841 3150 2907 Docto·

701 2968 817 3016 rus
849 2946 895 3034 ⁶,
947 2948 1204 3033 habet,
1256 2966 1426 3016 eam
1476 2948 1638 3016 iure
1699 2965 2005 3034 quoque
2067 2945 2413 3016 naturali
2457 2947 2851 3033 prohiberi.
2902 2946 2980 3014 ld
3029 2966 3149 3014 au-

697 3068 840 3124 tum
890 3057 1413 3125 demonstrant
1457 3073 1556 3123 ex
1603 3055 2095 3143 gravissimiS,
2146 3074 2343 3142 quae
2388 3054 2562 3124 inde
2610 3055 2967 3140 oriuntur,
3004 3073 3150 3122 ma-

701 3168 801 3228 lis.
853 3161 1242 3232 pluralitas
1288 3164 1484 3231 enim
1537 3181 1871 3232 uxorum
1939 3162 2311 3232 libidinem
2363 3161 2600 3232 fovet:
2656 3162 2884 3250 prolis
2930 3182 3147 3251 gene-

701 3272 1058 3337 rationem
1111 3270 1373 3340 minuit
1390 3289 1408 3357 ;
1458 3270 2103 3357 concupiscentiae
2154 3270 2415 3338 uxoris
2463 3288 2613 3339 non
2664 3270 2843 3338 satis
2890 3287 3151 3338 consu·

701 3380 801 3460 lit:
851 3376 1264 3445 discordias
1311 3379 1383 3444 et
1429 3376 1664 3463 iurgia
1712 3392 1788 3446 et
1817 3376 2150 3445 convicia
2185 3382 2258 3444 et
2288 3377 2493 3446 rixas
2518 3377 2823 3461 excitat;
2875 3376 3151 3462 nuptia-

705 3484 785 3548 lis.
830 3482 1347 3568 aequalitatem
1407 3488 1835 3552 contractus
1890 3483 2096 3570 tollit,
2147 3502 2324 3552 cum
2382 3482 2755 3570 quaelibet
2813 3485 3007 3552 uxor
3053 3484 3148 3549 in-

701 3600 898 3676 i.vgre
947 3607 1031 3658 se
1082 3588 1322 3659 tradat
1369 3591 1551 3675 viro,
1599 3589 1785 3658 dum
1825 3591 1939 3658 hic
1988 3591 2059 3658 in
2111 3590 2367 3676 plurae
2414 3590 2783 3658 dividitur.
2838 3627 2884 3636 -
2936 3590 3145 3670 Quod

701 3704 947 3764 :nutem
998 3698 1251 3766 attinet
1294 3696 1390 3765 ad
1446 3697 1758 3766 alteram
1811 3696 2285 3784 polygamiae
2331 3697 2698 3782 speciem,
2748 3713 2977 3782 quarn
3024 3713 3148 3783 ρο-

834 3882 852 3918 ¹
898 3881 1128 3941 Matth.
1178 3900 1323 3956 cap.
1383 3881 1483 3940 19.
1537 3900 1593 3940 υ.
1646 3879 1706 3940 9.
1760 3913 1805 3927 -
1861 3882 2076 3941 collat.
2129 3883 2356 3941 Matth.
2414 3899 2468 3941 c.
2518 3881 2583 3940 5.
2648 3900 2704 3938 υ.
2761 3879 2893 3951 3;›;
2957 3881 3141 3939 Marc.

813 3982 916 4038 10.
968 3999 1062 4038 vv.
1122 3980 1384 4047 11-12;
1425 3981 1574 4040 Luc.
1624 3997 1677 4038 e.
1741 3979 1844 4038 16.
1896 4000 1952 4038 v.
2012 3981 2112 4039 18.

832 4077 857 4114 ‘⁶⁸
901 4078 996 4137 Ad
1039 4079 1300 4138 Roman.
1349 4095 1401 4136 e.
1457 4078 1514 4135 7.
1568 4097 1666 4136 υυ.
1715 4077 1885 4146 2-3‚·
1916 4110 1991 4124 —
2023 4080 2073 4138 Ι.
2122 4078 2406 4138 Corinth.
2454 4097 2509 4136 c.
2565 4078 2624 4136 7.
2677 4097 2774 4138 vv.
2831 4078 3070 4135 10-11.

836 4176 859 4212 ³
902 4176 1048 4253 Gap.
1095 4163 1467 4252 yc'zudemus
1512 4179 1577 4234 8.
1625 4177 1705 4235 de
1746 4178 2067 4235 divortiis.

837 4274 861 4310 ⁴
903 4274 1074 4332 Trid.
1123 4293 1276 4332 sess.
1326 4271 1441 4333 24.
1488 4292 1637 4332 can.
1689 4274 1754 4333 2.

836 4373 860 4407 ⁵
903 4373 1180 4431 Sanchez
1225 4372 1304 4429 de
1350 4379 1539 4429 matr.
1597 4373 1702 4431 lib.
1760 4372 1819 4430 7.
1869 4373 2037 4449 disp.
2089 4373 2202 4430 80.
2257 4392 2321 4431 n.
2374 4371 2439 4431 2.
2490 4375 2697 4432 iuuet.
2755 4372 2811 4431 1.

833 4471 857 4505 ⁰
901 4470 1212 4540 Sanchez‚
1261 4469 1703 4542 Bahal-minus,
1751 4471 2034 4541 Pontius,
2087 4473 2387 4547 Layman‚
2434 4471 2778 4542 Guttierez,
2833 4472 3156 4547 Castropa·

713 4576 842 4628 latus
869 4569 1051 4628 citati
1081 4587 1118 4628 a
1148 4569 1451 4628 Leurenio
1500 4570 1606 4627 lib.
1644 4568 1708 4627 4.
1758 4570 1850 4627 tit.
1891 4567 1957 4627 4.
1990 4569 2069 4626 de
2099 4587 2340 4644 sponsa
2370 4570 2658 4628 duorum
2688 4590 2799 4647 qu.
2831 4569 2981 4629 170.
3019 4589 3064 4626 n
3091 4569 3151 4628 2.
