3509 5317
609 544 612 550 .
717 504 874 564 ..25-

174 652 299 735 potest
323 644 344 709 ¹.
368 646 598 734 -Perpetua
623 663 715 715 vero
739 664 784 715 ea
807 642 964 714 dicenda
989 646 1046 712 est
1068 640 1292 726 impotentia,
1310 659 1408 728 quae

174 761 256 824 arte
280 753 448 838 medica,
473 759 538 824 aut
573 755 654 824 sine
678 752 859 822 miraculo
895 768 962 837 per
989 758 1189 818 consuetos
1222 746 1408 817 Ecclesiae

175 861 429 947 exorcismos,
456 867 521 930 aut
543 861 623 929 sine
648 866 798 948 peccato
827 858 881 944 (ut
908 856 1037 926 illicitis
1073 853 1407 939 incantationibus),

173 975 240 1038 aut
263 968 344 1037 sine
367 968 471 1054 gravi
495 967 665 1053 corporis
688 966 853 1054 periculo
877 963 1013 1035 auferri
1039 962 1166 1050 nequit
1189 960 1212 1029 ².

236 1076 285 1143 4⁰.
309 1072 540 1144 Antecedens
565 1072 622 1144 vel
646 1090 874 1162 consequens
898 1071 1030 1141 dicitur
1054 1068 1279 1157 impotentia,
1297 1072 1407 1154 prout

173 1181 455 1252 matrimonium
479 1181 676 1268 praecedit,
701 1181 761 1252 vel
778 1181 866 1251 illud
884 1177 1136 1266 subsequitur,
1153 1176 1291 1246 scilicet
1306 1193 1404 1263 quae

173 1289 393 1375 supervenit
415 1294 501 1377 post
524 1289 655 1358 initum
679 1288 875 1376 coniugale
903 1285 1047 1356 foedus.

241 1396 288 1464 5⁰.
319 1397 430 1465 Certa
453 1397 511 1466 vel
541 1395 675 1482 dubia,
703 1402 813 1484 prout
837 1401 908 1482 est,
934 1394 991 1464 vel
1017 1400 1172 1462 nonest
1200 1388 1404 1461 manifeste.

240 1505 273 1571 3.
300 1504 443 1585 Quibus
474 1504 692 1591 praemissis
722 1504 770 1573 ad
794 1500 1050 1572 diiudicandae
1074 1498 1333 1589 quaestiones,
1370 1502 1407 1566 et

171 1609 222 1679 ad
247 1611 446 1698 praecipue
471 1610 646 1682 diluenda
670 1610 794 1697 dubia,
819 1628 918 1698 quae
942 1610 978 1677 in
1004 1608 1130 1679 causis
1154 1606 1201 1676 de
1220 1605 1405 1674 matrimo-

172 1715 222 1784 nii
246 1716 375 1786 valore
398 1718 448 1787 ob
472 1719 728 1806 impotentiam
754 1718 991 1806 potissimum
1016 1716 1194 1801 oriuntur,
1221 1714 1314 1783 haec
1331 1716 1403 1781 sta·

170 1822 311 1893 tuenda
335 1831 424 1894 sunt
446 1843 491 1895 ac
514 1845 605 1913 prae
629 1826 748 1895 oculis
773 1825 944 1895 habenda
971 1823 1170 1911 principia:

239 1933 271 1998 4.
296 1929 494 2001 Primam:
519 1932 737 2020 impotentia
771 1931 1009 2016 antecedens,
1045 1932 1233 2019 perpetua
1270 1932 1306 1997 et
1343 1921 1405 1994 alr

169 2035 325 2106 solnta*
351 2038 511 2109 habendi
542 2058 672 2109 veram
703 2045 739 2111 et
768 2038 970 2129 perfectam
1002 2036 1193 2125 copulam,
1218 2033 1341 2122 qualis
1366 2031 1402 2098 in

169 2144 253 2213 viro
276 2153 334 2215 est
355 2147 564 2233 impotentia
592 2148 808 2234 penetrandi
833 2166 903 2217 vas
925 2144 1152 2228 femineum,
1189 2140 1403 2226 ibidemque

168 2249 388 2323 effundendi
411 2272 543 2324 semen
567 2255 615 2326 de
638 2262 834 2344 saeptum
858 2252 1097 2344 generationi,
1124 2251 1160 2319 in
1184 2248 1321 2318 semina
1339 2247 1403 2315 im·

168 2360 331 2445 potentia
356 2361 571 2431 admittendi
594 2370 631 2432 et
653 2363 852 2449 recipiendi
876 2379 1008 2430 semen
1032 2359 1132 2446 illud,
1162 2362 1218 2426 est
1251 2351 1403 2443 impedi·

167 2472 337 2535 mentnm
361 2466 408 2537 de
430 2462 513 2539 iare
534 2474 699 2540 naturae
726 2468 907 2539 dirimens
944 2468 1224 2539 matrimonium
1259 2468 1404 2533 contra·

167 2572 337 2643 bendum
365 2571 394 2660 ι;
418 2580 455 2645 et
479 2582 538 2647 est
568 2577 789 2646 communis·
815 2578 1017 2646 Doctorum
1054 2572 1235 2644 sententia
1261 2568 1283 2637 ⁵.
1307 2604 1329 2617 -
1351 2566 1403 2666 Si·

237 2769 248 2806 ¹
271 2767 344 2847 Gap.
368 2771 592 2844 fraternitatis
614 2773 644 2843 6,
668 2773 708 2832 de
728 2773 864 2849 friqidis
879 2780 911 2832 et
924 2772 1134 2848 maleficiatis
1157 2776 1187 2828 et
1208 2763 1400 2841 impotentia

165 2868 321 2928 coeundi.
448 2941 452 2946 ᾗ

234 2966 248 3005 ²
268 2967 386 3027 Horum
401 2968 537 3028 omnium
558 2969 696 3030 rationes
710 2973 743 3030 et
757 2969 952 3046 quaestiones
966 2971 1122 3044 exponunt
1136 2962 1275 3025 Sanchee
1292 2961 1345 3019 lib.
1365 2959 1397 3019 7.

165 3064 253 3140 disp.
272 3060 330 3124 93.
346 3051 462 3142 aliique
482 3066 597 3143 passim
620 3066 683 3126 DD.
703 3066 794 3127 citati
809 3084 828 3126 a
842 3065 994 3126 Leurenio
1012 3065 1065 3122 lib.
1084 3063 1115 3121 4.
1134 3067 1182 3120 tit.
1204 3060 1255 3118 15.
1272 3064 1396 3134 quaest.

165 3160 434 3223 236-237-238.

233 3259 333 3320 ⁸Gir.
362 3259 545 3321 Zscehlam:
581 3259 793 3324 Oiiaestiones
827 3260 1111 3335 medico-leqales,
1135 3259 1190 3318 lib.
1222 3256 1252 3315 3.
1284 3259 1331 3314 tit.
1366 3255 1394 3313 1.

165 3364 293 3434 quaest.
310 3355 342 3415 5.
360 3359 407 3417 de
421 3360 556 3433 friqidis
579 3366 611 3418 et
630 3360 857 3436 maleficiatis;
872 3368 998 3436 quaest.
1023 3359 1056 3416 6.
1080 3359 1119 3417 de
1142 3358 1335 3433 impotentia
1350 3371 1398 3414 re·

163 3458 327 3533 spection-
342 3465 374 3515 et
388 3457 442 3516 aa.
461 3457 492 3515 9.
511 3459 559 3516 tit.
580 3456 609 3515 3.
628 3466 751 3534 quaest.
775 3457 922 3526 2-3-4-5,
944 3458 995 3518 ubi
1017 3459 1053 3517 de
1067 3458 1285 3535 impedimento
1299 3456 1398 3516 coitus

165 3557 205 3626 ob
228 3555 437 3634 frigiditatem
457 3563 490 3618 et
511 3556 709 3630 maleficium,
733 3559 770 3617 ob
793 3558 873 3619 vitia
899 3558 1117 3629 membrorum,
1140 3559 1177 3617 ob
1204 3558 1336 3629 morbos,
1357 3574 1397 3616 ex

163 3658 256 3731 parts
276 3657 342 3714 tum
365 3654 428 3716 viri
450 3659 516 3716 tum
539 3656 691 3716 mulieris.
709 3687 745 3701 -
763 3657 940 3717 Plurimum
955 3657 1030 3716 haec
1051 3656 1154 3716 omnia
1175 3656 1338 3717 conferunt
1359 3655 1397 3715 ed

163 3751 402 3828 dignoscendum
425 3753 456 3813 in
477 3755 568 3831 praxi
591 3771 698 3813 veram
721 3753 942 3831 frigiditatem,
965 3754 1089 3830 eiusque
1111 3770 1220 3812 causes
1241 3755 1274 3813 et
1294 3752 1394 3829 signa,

163 3848 326 3910 sciliceta
349 3852 512 3929 ›nalefieio
538 3870 575 3911 ne
597 3870 635 3912 an
665 3870 739 3912 vero
760 3869 779 3912 a
800 3860 939 3920 natura,
967 3851 1127 3929 perpetua
1149 3869 1186 3910 ne
1207 3869 1247 3910 en
1279 3857 1397 3925 tempo

162 3947 261 4012 ralis,
287 3949 485 4007 antecedens
512 3968 550 4009 ne
577 3967 616 4009 en
647 3967 848 4025 consequens
871 3950 914 4010 sit
934 3950 1128 4027 impotentia.
1160 3949 1207 4009 Ex
1229 3948 1286 4008 hoc
1314 3947 1395 4008 enim

163 4044 300 4105 maxime
321 4045 443 4123 pendet,
467 4050 502 4108 ut
523 4047 614 4107 iudex
634 4047 666 4106 in
689 4047 837 4107 eiusmodi
858 4048 960 4107 causis
986 4045 1268 4107 matrimonialibus
1288 4063 1395 4106 veram

161 4157 198 4203 ac
221 4145 335 4204 iustam
351 4145 435 4206 ieret
455 4146 653 4218 sententiam,
670 4149 705 4205 ut
725 4163 829 4206 casum
852 4146 1056 4222 expendemus
1077 4144 1161 4205 inira
1176 4144 1208 4203 in
1231 4145 1397 4220 Discepta-

162 4246 253 4302 tione
275 4245 384 4302 tertia.

231 4340 244 4378 ⁴
266 4340 340 4418 Gap.
364 4342 590 4420 fraternitatis
613 4341 644 4399 6.
669 4344 722 4400 cit.
749 4344 796 4400 tii.

226 4436 328 4497 lGir.
354 4437 492 4498 Sancbez
516 4439 569 4496 lib.
597 4437 626 4497 7.
652 4438 737 4514 disp.
757 4437 810 4497 92.
837 4439 983 4516 Pirhing,
1001 4438 1281 4516 Schmalzgrueber
1302 4436 1395 4497 elios·

157 4552 218 4612 que
245 4534 442 4613 iurisperitos
470 4537 502 4595 in
524 4537 604 4596 bunc
633 4537 771 4598 titulum.
790 4568 828 4583 -
844 4537 1015 4598 Laurenius
1041 4540 1144 4597 autem
1174 4544 1298 4612 qaaest.
1323 4534 1393 4593 239
