3509 5317
891 469 1068 530 -256-

365 608 629 678 contrahentes
651 607 687 675 in
712 606 974 695 obligationem
993 607 1227 696 coniugalem
1247 606 1294 676 de
1310 606 1494 695 praesenti
1508 624 1583 675 con·

367 717 538 802 sentiant
563 715 644 785 sive
666 713 857 785 internum
880 733 1101 784 consensum
1126 715 1300 799 habeant,
1324 714 1391 783 sed
1415 714 1493 782 iure
1506 732 1585 801 quo·

366 841 440 909 que
464 821 624 892 naturali
649 822 868 909 requiritur,
899 829 939 891 ut
971 822 1185 909 exprimant
1220 822 1321 890 nunc
1354 838 1584 905 consensum,

367 948 532 1015 eumque
569 940 700 998 mutuo
734 935 948 1015 acceptent,
975 935 1085 1015 prout
1107 936 1252 999 constat
1276 949 1326 999 ex
1349 946 1430 1016 cap.
1455 925 1533 996 lieet
1553 928 1584 1011 3,

367 1035 414 1106 de
438 1055 578 1125 sponsa
601 1036 786 1121 dirorum,
816 1036 878 1105 ubi
904 1042 1104 1125 postquam
1137 1036 1276 1106 dictum
1309 1048 1386 1122 est,
1412 1036 1589 1106 matrimo-

368 1146 473 1214 nium
497 1146 667 1215 contrahi
692 1164 757 1232 per
782 1144 987 1234 legitimum
1012 1164 1243 1215 consensum
1268 1146 1316 1215 de
1340 1145 1525 1233 praesenti
1546 1146 1590 1212 in·

370 1263 425 1321 ter
448 1252 570 1321 virum
595 1264 631 1321 et
654 1253 861 1336 mulierem,
887 1253 1145 1341 subiungitur:
1169 1252 1224 1323 ito.
1240 1257 1282 1322 ut
1305 1272 1402 1322 unus
1418 1252 1588 1338 alterum,

370 1377 455 1428 eum
478 1364 610 1427 mutuo
633 1377 814 1428 consensu
839 1358 961 1429 uerbis
984 1360 1170 1429 consuetis
1193 1379 1395 1449 cmpresso,
1422 1357 1587 1448 recipiat,

371 1467 429 1536 vel
454 1467 535 1536 aliis
557 1467 675 1555 signis
698 1468 873 1553 externis,
900 1474 939 1538 ut
962 1487 1078 1555 supra
1103 1469 1254 1538 dictum.
1290 1470 1397 1538 Ratio
1422 1474 1488 1553 est,
1513 1469 1594 1556 quia

371 1574 498 1643 nullus
524 1575 715 1644 numanus
737 1582 952 1644 contractus
976 1575 1057 1643 iniri
1074 1580 1202 1662 potest,
1221 1576 1290 1644 nisi
1310 1575 1503 1664 utriusque
1518 1593 1597 1645 con·

372 1682 551 1753 trahentis
575 1683 749 1751 voluntas
772 1684 1015 1769 exprimatur,
1041 1688 1076 1751 et
1100 1689 1232 1752 mutuo
1257 1682 1325 1751 sibl
1357 1682 1596 1752 innotescat»

372 1790 537 1879 (Pirhing
559 1788 617 1857 lib.
635 1793 669 1858 4.
695 1788 749 1859 tit.
767 1795 797 1859 1.
824 1810 861 1859 rt.
879 1791 961 1875 82).
992 1828 1014 1840 -
1044 1792 1155 1861 Hunc
1183 1792 1391 1879 praeiverat
1421 1792 1596 1870 Senones

346 1968 349 1975 ,
372 1898 435 1985 qui
460 1897 529 1966 ait:
556 1899 668 1966 «Res
684 1904 742 1967 est
755 1904 855 1968 certe
872 1898 967 1968 inter
983 1898 1196 1983 catholicos,
1214 1917 1290 1966 non
1310 1900 1399 1968 satis
1415 1904 1507 1967 esse
1520 1918 1601 1969 oon·

372 2025 530 2075 sensum
553 2007 752 2093 internum,
777 2006 845 2075 sed
869 2014 1043 2093 oportere
1067 2008 1192 2078 verbis
1217 2007 1274 2076 vel
1299 2008 1415 2096 signis
1431 2007 1598 2093 exprimi.

374 2114 488 2184 Cuius
512 2116 740 2183 contrarium
766 2115 883 2183 tenuit
897 2113 1043 2202 Wiclel‚
1061 2135 1174 2204 quem
1200 2116 1272 2184 late
1287 2117 1484 2203 impugnat
1500 2115 1600 2185 Wal-

374 2224 469 2291 dens
492 2227 559 2291 etc.
577 2243 608 2289 t.
634 2223 676 2289 Et
699 2221 871 2291 eamdem
898 2240 943 2291 ac
965 2241 1079 2308 supra
1100 2224 1289 2292 rationem
1324 2222 1453 2307 affert,
1479 2224 1599 2293 addito

374 2329 476 2417 quod
501 2329 781 2398 matrimonium
807 2339 919 2416 prout
941 2336 1220 2413 sacramentum
1244 2330 1379 2401 debeat
1402 2330 1531 2417 pertici
1561 2328 1600 2399 si·

372 2455 447 2525 prro
470 2433 630 2505 sensibili
653 2436 835 2522 (Sanchez
858 2435 905 2505 de
921 2435 1085 2505 matrim.
1111 2436 1169 2505 lib.
1193 2439 1228 2505 2.
1252 2436 1347 2526 disp.
1370 2438 1451 2523 zio).
1478 2439 1599 2521 Porro,

375 2543 423 2612 ad
449 2543 614 2611 valorem
642 2543 867 2612 matrimonii
890 2562 1122 2613 consensum
1156 2550 1330 2615 mutuum
1365 2546 1506 2615 nedum
1538 2566 1601 2634 per

377 2648 490 2719 uerbo
515 2651 676 2737 exprimi
698 2669 822 2738 posse,
847 2656 888 2720 ut
905 2651 1122 2739 regulariter
1136 2652 1215 2722 fleri
1233 2652 1376 2722 debete
1396 2653 1600 2723 valentibus

375 2757 490 2844 loqui,
515 2757 582 2826 sed
607 2764 643 2826 et
673 2777 740 2845 per
769 2758 837 2826 alia
876 2764 1043 2827 esterna
1077 2758 1187 2848 aipno
1221 2779 1450 2829 consensum
1487 2761 1602 2849 expri-

376 2866 511 2934 mentia
537 2864 672 2934 docent
694 2865 944 2935 communiter
969 2867 1040 2933 Di).
1065 2885 1153 2936 cum
1178 2867 1311 2937 eodem
1337 2868 1516 2952 Sanchez,
1542 2867 1599 2955 qui

374 2972 563 3041 concludit
584 2973 911 3042 animadvertens:
938 2974 1175 3043 «Concilium
1203 2975 1459 3044 Florentinum
1484 2976 1519 3044 in
1547 2976 1602 3044 de

375 3088 477 3148 creto
500 3078 547 3147 de
572 3081 828 3167 sacramentis,
853 3100 941 3150 cum
966 3082 1112 3168 singula
1138 3092 1377 3151 sacramenta
1392 3083 1599 3169 singillatim

376 3193 592 3273 exponeret,
617 3187 710 3256 dixit
732 3188 807 3255 sic:
831 3206 1047 3272 consensus,
1074 3208 1144 3273 per
1169 3187 1285 3258 uerbo
1300 3188 1528 3279 regulariter
1541 3207 1603 3257 eu)-

373 3312 546 3382 pressus,
574 3292 665 3376 facit
687 3293 992 3364 matrimonium:
1018 3297 1080 3365 ubi
1102 3316 1178 3364 non
1202 3297 1296 3383 dicit,
1316 3297 1427 3366 verba
1447 3314 1603 3366 essene

376 3401 553 3487 cessaria,
577 3403 645 3471 sed
669 3403 882 3489 oppositum
908 3403 1106 3487 denotavit,
1131 3403 1222 3472 dum
1247 3422 1323 3472 non
1340 3404 1440 3489 dixit
1457 3421 1603 3489 semper

377 3509 547 3578 adhiberi
569 3510 695 3595 verba,
720 3510 786 3578 sed
811 3509 1052 3598 repuleram,
1073 3510 1109 3578 id
1125 3517 1181 3580 est
1196 3509 1479 3579 communiter»
1508 3511 1603 3594 (San-

376 3616 468 3686 chez
492 3615 551 3685 lib.
568 3620 603 3685 2.
620 3616 715 3707 disp.
732 3620 786 3687 31.
803 3638 838 3685 tt.
856 3618 914 3704 5.).

446 3726 497 3793 16.
523 3725 602 3795 lam
627 3745 717 3815 vero
742 3726 859 3795 taliter
881 3746 931 3796 ne
953 3746 1184 3796 consensum
1209 3726 1397 3812 expressit
1428 3727 1476 3794 de
1507 3743 1605 3812 prae

379 3833 474 3900 senti
497 3832 582 3902 Cala
606 3834 654 3901 ad
680 3834 961 3903 matrimonium
986 3834 1192 3903 ineundum
1218 3852 1306 3902 cum
1330 3832 1449 3901 Titiot
1480 3835 1537 3902 Ex
1560 3835 1604 3902 iu·

378 3939 573 4008 dicialibus
596 3941 687 4009 actis
711 3941 807 4009 sicut
829 3942 991 4010 rationes
1026 3947 1171 4025 extant,
1197 3942 1335 4028 quibus
1359 3942 1439 4009 iure
1474 3939 1604 4027 deduci

379 4054 514 4132 posset,
539 4046 722 4117 deiecisse
744 4063 975 4118 consensum
1001 4068 1049 4117 ex
1073 4066 1178 4135 parte
1202 4049 1331 4133 Celae,
1356 4048 1403 4117 ita
1428 4066 1449 4116 e
1480 4056 1603 4117 contra

378 4171 506 4221 rerum
532 4155 708 4224 adiuncta
731 4174 806 4224 non
831 4156 977 4241 desunt,
1002 4175 1100 4243 quae
1123 4156 1286 4225 suadere
1308 4156 1490 4243 videntur,
1510 4153 1605 4223 sirtil-

378 4260 508 4329 cientia
533 4280 608 4329 non
633 4261 797 4332 defuisse
821 4271 977 4333 externa
1002 4265 1119 4351 signa,
1144 4264 1261 4351 queiS,
1286 4263 1419 4333 saltem
1437 4260 1605 4352 implicite

380 4374 416 4437 et
436 4388 510 4457 pro
526 4368 620 4459 soro
642 4375 819 4455 coeterno,
847 4372 953 4458 argui
979 4376 1015 4439 et
1038 4371 1187 4456 intelligi
1210 4391 1233 4440 a
1258 4370 1422 4457 parocho
1455 4383 1492 4439 et
1520 4368 1606 4439 testi·

380 4476 453 4545 bus
477 4479 636 4563 potuerit
659 4497 871 4548 consensus
897 4480 1110 4548 huiusmodi
1135 4480 1243 4549 etiam
1270 4498 1319 4548 ex
1350 4484 1455 4565 parte
1487 4478 1606 4547 mulie

381 4585 442 4654 ris.
467 4587 554 4654 --Et
578 4586 613 4654 in
640 4587 769 4671 primis
793 4589 956 4656 rationes
980 4606 1055 4656 non
1079 4587 1217 4656 desunt
1231 4588 1280 4656 ad
1296 4588 1538 4657 suadendum
1552 4587 1605 4655 de
