3509 5317
696 529 874 603 -107÷-

172 672 239 740 sibi
263 667 444 739 canonice
456 667 679 755 copulatum,
694 687 742 745 ne
755 668 907 755 innupta
923 679 1082 755 maneat,
1099 675 1135 738 et
1158 672 1297 740 Rosam
1317 674 1403 740 Fort

172 776 426 866 copulandam
451 792 538 843 cum
564 776 724 859 Antonio
748 776 942 859 Ximenes,
966 794 1014 847 ne
1038 778 1142 846 rixae
1166 783 1203 847 et
1217 778 1335 867 iurgia
1352 778 1403 846 in·

172 891 226 955 ter
250 901 386 953 eorum
410 877 715 968 consanguineos
738 883 991 951 suboriantur.
1016 885 1252 971 Quapropter
1282 902 1403 954 recur-

172 1009 259 1059 sum
285 990 500 1058 babuerunt
526 976 577 1056 'ad
602 987 666 1057 SS.
690 989 731 1055 D.
756 990 798 1055 N.
829 989 1003 1075 precibus
1033 991 1080 1059 ad
1106 990 1203 1059 hanc
1226 991 1262 1060 S.
1288 990 1325 1061 C.
1351 1010 1403 1061 re·

173 1097 309 1179 missis
335 1103 411 1164 tam
434 1094 571 1163 scilicet
594 1092 824 1163 Paschasius
844 1096 1018 1172 Quesudu
1039 1100 1076 1164 et
1092 1096 1220 1165 Murio
1237 1096 1400 1167 Antonia

174 1204 294 1273 Perea
318 1210 495 1291 rogantes
517 1221 585 1288 pro
616 1202 893 1288 dispensatione
928 1205 1193 1290 perseverandi
1221 1206 1257 1273 in
1283 1205 1404 1275 matri·

174 1311 300 1379 monio
334 1314 524 1378 contracto
556 1309 665 1394 (idest
693 1329 762 1397 pro
795 1309 1072 1397 dispensatione
1100 1330 1216 1399 super
1253 1312 1401 1380 vineato

173 1418 307 1505 prioris
332 1416 556 1486 matrimonii
573 1416 787 1503 simpliciter
811 1418 892 1503 rati,
918 1423 957 1485 ut
981 1437 1224 1505 perseverare
1249 1425 1403 1505 possent

174 1526 208 1593 in
232 1524 402 1594 secundo
425 1526 638 1608 contracto),
669 1543 783 1611 qtram
821 1523 1006 1593 Antonias
1040 1525 1213 1594 Xintenea
1237 1533 1272 1595 et
1297 1528 1403 1595 Bosa

174 1632 265 1701 Fort
288 1651 357 1719 pro
380 1631 488 1700 simili
512 1631 788 1719 dispensatione
812 1638 1014 1702 exorantes
1036 1644 1076 1702 ut
1092 1633 1336 1719 debilitentur,
1354 1634 1401 1702 ad

174 1739 453 1808 matrimonium
478 1738 636 1809 invicem
662 1741 958 1809 contrabendum
985 1742 1065 1824 (seu
1092 1740 1400 1824 revalitlandum).

172 1885 195 1895 -
217 1847 465 1934 Datisitaque
489 1846 600 1916 literis
623 1847 808 1935 Episcopo
842 1848 1000 1916 Oriolen.
1034 1867 1101 1934 pro
1133 1846 1401 1929 informatione,

175 1954 365 2042 respondit
387 1955 469 2024 eius
493 1948 873 2043 Vicariusgeneralis,
890 1956 951 2042 qui
972 1956 1124 2024 uberius
1140 1955 1401 2025 confirmando

175 2062 430 2149 expositorum
457 2063 658 2147 veritatem,
683 2063 731 2131 ad
756 2063 929 2133 evitanda
961 2062 1136 2133 scandala
1171 2071 1208 2132 et
1238 2062 1400 2149 dissidia,

176 2169 374 2241 Oratorutn
400 2170 574 2256 precibus
599 2169 867 2257 indulgendum
894 2171 1047 2255 censuit,
1075 2178 1184 2258 prout
1206 2169 1327 2238 fusius
1351 2189 1401 2239 ex

175 2278 254 2345 eius
272 2275 447 2346 relatione
464 2295 508 2346 ac
524 2277 604 2345 aliis
621 2277 856 2347 documentis
873 2279 1113 2363 transmissis,
1132 2279 1166 2345 in
1186 2278 1400 2347 Summario

176 2383 407 2453 exhibendis.
431 2419 455 2434 -
486 2385 580 2453 Hinc
608 2386 784 2455 Oratores
808 2384 875 2472 ipsi
905 2404 1037 2455 eorum
1070 2386 1203 2455 enixus
1232 2391 1403 2472 repetunt

174 2508 305 2578 preces
328 2510 397 2578 pro
422 2493 647 2578 reportanda
669 2493 786 2580 gratia
810 2512 860 2561 ex
884 2493 1113 2562 deducendis
1136 2494 1209 2562 sub
1226 2493 1356 2562 dubio:

240 2601 301 2665 An
324 2602 360 2666 et
383 2598 570 2686 qttomocto
599 2601 804 2668 Oratorem
826 2598 1001 2689 precibus
1025 2599 1073 2669 sit
1094 2598 1338 2693 enarrandum
1365 2600 1402 2669 in

173 2724 265 2775 casu
288 2709 380 2774 ete?

240 2813 275 2884 S.
302 2815 339 2882 C.
365 2813 436 2899 (die
461 2814 612 2884 16-maii
639 2816 738 2900 1711)
763 2821 899 2884 attenta
917 2814 1095 2885 relatione
1110 2816 1280 2902 Episcopi
1299 2814 1399 2883 Orio-

172 2918 244 2989 len.
269 2923 424 3009 censuit,
448 2924 479 2991 si
504 2922 622 2993 Ssmo
646 2924 687 2991 D.
713 2925 754 2991 N.
779 2922 969 3010 placuerit,
1003 2932 1238 3009 praesentem
1267 2922 1402 3009 suppli·

173 3030 355 3098 cntionem
381 3031 520 3115 signari
546 3050 658 3117 posse
674 3052 705 3097 ».
729 3068 751 3078 -
775 3029 927 3114 Scilicet,
952 3050 1036 3099 esse
1060 3031 1185 3100 locum
1200 3031 1401 3118 disponsa-

174 3134 258 3203 tioni
283 3154 371 3203 cum
397 3137 572 3224 utrisque,
598 3148 778 3207 renovato
807 3156 997 3206 consensu
1030 3137 1123 3205 inter
1146 3138 1289 3225 primos
1318 3155 1403 3204 con·

174 3240 278 3329 iuges
302 3242 350 3310 ad
375 3241 535 3312 sormam
560 3241 719 3312 Concilii.
1395 3330 1399 3335 ι

237 3351 293 3418 37.
318 3352 376 3418 An
400 3357 526 3419 autern
543 3350 726 3420 eiusmodi
740 3368 987 3420 romanorum
1004 3349 1225 3419 Pontificum
1239 3354 1402 3436 potestas

175 3464 296 3527 ratum
321 3455 486 3528 fidelium
511 3457 707 3526 dirimendi
731 3458 958 3546 coniugium,
982 3458 1217 3527 extendenda
1230 3458 1277 3525 sit
1292 3458 1401 3525 etiarn

125 3616 129 3625 .
174 3565 219 3633 ad
245 3566 479 3659 matrimonia
505 3567 540 3634 in
565 3564 776 3635 infidelitate
792 3584 862 3635 seu
878 3571 963 3634 ante
977 3565 1218 3651 baptismum,
1236 3584 1310 3632 non
1328 3566 1404 3652 qui-

173 3671 258 3741 dem
285 3679 370 3759 post
392 3674 621 3761 baptismum
644 3692 720 3760 quo
753 3673 969 3761 coniugium
1000 3671 1198 3769 lituratum,
1231 3691 1405 3741 consum·

173 3786 283 3863 rnata,
309 3779 487 3850 dissident
502 3782 627 3851 adbuc
643 3782 832 3850 Doctores.
849 3779 1049 3848 Affirmant
1060 3780 1153 3848 inter
1167 3780 1294 3866 plures
1310 3780 1402 3848 alios

171 3887 375 3970 NavarruS,
400 3887 578 3967 Sancbez‚
602 3887 850 3973 Verricellius‚
875 3888 1036 3974 Pirbing,
1056 3886 1294 3973 Reginaldus,
1313 3888 1405 3974 Lay-

172 3992 519 4087 tnann,‚Fill'tuciuS,
545 3995 608 4081 qui
631 3999 795 4081 testatur,
808 3993 1009 4063 Pontifices
1033 3992 1234 4082 aliquando
1257 3993 1404 4080 dispen-

171 4118 289 4169 sasse.
314 4101 461 4188 Negant
476 4099 650 4186 Coninclr,
669 4102 793 4170 Ponce
809 4109 895 4188 post
908 4102 1086 4188 Vasquez
1103 4107 1138 4170 et
1149 4099 1217 4169 alii.
1232 4100 1403 4198 -Omnes

171 4215 297 4277 autem
322 4215 456 4295 tenent,
480 4228 556 4277 11011
580 4228 692 4297 posse
716 4208 933 4279 Pontificem
949 4210 1030 4279 sine
1053 4228 1168 4278 causa
1182 4210 1401 4296 dispensare

170 4321 235 4384 aut
260 4316 380 4404 legem
405 4317 656 4385 universalem
681 4317 843 4386 condere
867 4336 942 4404 qua
961 4318 1086 4387 omnia
1104 4336 1147 4386 ea
1165 4316 1401 4403 matrimonia

171 4423 291 4508 irritet,
316 4429 380 4493 aut
404 4424 439 4491 111
464 4424 522 4492 his
545 4424 722 4503 omnibus
745 4423 947 4510 dispenset,
971 4424 1050 4509 sed,
1068 4424 1237 4517 inprima
1254 4427 1401 4492 senten·

170 4531 227 4614 tia,
253 4536 398 4599 tanturn
421 4549 534 4618 posse
558 4535 739 4618 quantum
765 4531 803 4599 in
828 4530 922 4600 votis
946 4529 1112 4601 fidelium
1140 4529 1161 4598 ¹.
1186 4568 1214 4581 „
1248 4530 1322 4600 Sed
1354 4530 1403 4597 111-

241 4658 250 4695 ¹
274 4655 350 4715 Vide
372 4657 427 4716 eit.
446 4650 687 4715 collectaneam
710 4655 879 4714 Socr'etatt'r
902 4656 1101 4714 illectionum
1125 4674 1157 4714 u.
1177 4654 1256 4713 921.
1273 4674 1306 4730 p.
1322 4653 1403 4723 409,-
