3509 5317
1399 488 1806 577 -109-‘

479 660 589 727 39.
642 658 802 727 Hoc
848 663 1098 726 autem
1151 656 1709 725 matrimonium
1763 674 1911 724 non
1963 654 2209 724 statim
2258 654 2684 722 dissolvitur
2720 680 2804 721 sii:

349 762 668 834 infidelis
714 764 959 833 renuit
1003 765 1331 833 converti
1379 769 1450 833 et
1495 762 1923 832 cohabitare
1971 780 2147 831 cum
2198 760 2397 831 fideli
2452 761 2608 828 sine
2644 780 2808 824 mm-

349 871 651 942 tumelia
701 872 1087 957 CreatoriS,
1140 869 1275 940 sed
1322 874 1500 939 tunc
1549 870 1755 956 prius
1803 868 2135 953 solvitur,
2188 888 2362 939 cum
2411 867 2652 938 fidelia
2704 892 2808 932 :w-

344 977 685 1046 cundum
735 977 1101 1047 contrahit
1148 977 1728 1046 matrimonium.
1781 978 2028 1058 Quam
2058 976 2473 1046 doctrinam
2509 976 2804 1044 Benedi-

344 1089 516 1153 ctus
549 1085 727 1152 XIV
760 1083 780 1118 ²
830 1101 1339 1168 communem,
1366 1084 1515 1152 imo
1550 1083 2255 1152 communissimam
2281 1082 2800 1170 theologorum

345 1195 417 1259 et
462 1190 1028 1267 canonistarum
1079 1208 1249 1259 esse
1305 1187 1591 1259 fatetur.
1642 1190 1832 1258 Cum
1894 1189 2091 1257 enim
2144 1190 2616 1258 Innocentius
2658 1192 2740 1256 ili
2784 1189 2800 1224 ²

346 1302 625 1366 statuat
669 1316 757 1367 ac
802 1298 1068 1382 iubeat,
1123 1302 1200 1365 ut
1243 1296 1485 1366 fidelis
1533 1315 1670 1365 seu
1719 1315 2139 1366 conversus
2187 1297 2278 1364 ad
2332 1295 2560 1366 fldem
2612 1316 2808 1364 cnm-

345 1402 668 1490 pellatur
704 1422 1021 1472 uxorem
1053 1404 1383 1489 recipere
1416 1409 1586 1490 post
1619 1403 1865 1490 ipsum
1902 1422 2372 1489 conversam,
2400 1409 2800 1492 antequam

348 1511 509 1597 ipse
560 1511 1118 1579 matrimonium
1168 1510 1365 1579 aliud
1408 1511 1880 1597 contraxerit,
1914 1508 2239 1596 infertur,
2275 1512 2543 1598 prioris
2573 1516 2808 1580 marr-i-

347 1618 580 1685 monii
632 1617 1012 1686 vinculum
1089 1635 1237 1684 non
1315 1614 1542 1686 fuisse
1611 1617 1943 1686 solutum
1976 1613 2021 1684 ⁸.
2071 1655 2106 1665 -
2163 1619 2347 1686 Hinc
2395 1626 2644 1688 autem
2696 1640 2804 1680 fw-

345 1724 621 1810 quitur,
678 1728 755 1791 ut
800 1723 1025 1810 priori
1074 1723 1435 1792 dissoluto
1488 1725 1960 1793 matrimonio
2009 1744 2143 1812 per
2192 1743 2434 1794 novas
2467 1728 2804 1812 conia-imi

347 1830 684 1916 nuptias,
749 1831 1119 1918 integrum
1179 1830 1315 1899 erit
1373 1831 1580 1899 alteri
1638 1849 1942 1918 quoque
2008 1833 2303 1921 coniugi
2364 1833 2567 1902 aliud
2632 1836 2808 1900 inim

349 1935 911 2006 matrimonium
974 1954 1124 2004 non
1173 1937 1420 2005 solum
1471 1937 1744 2024 valide,
1809 1938 1945 2008 sed
1992 1945 2064 2007 et
2114 1939 2329 2025 licite,
2396 1947 2550 2008 tum
2604 1940 2660 2008 ‚ei
2716 1944 2804 2004 wi

346 2045 581 2115 fidem
630 2051 1140 2130 convertatur,
1204 2049 1363 2113 tum
1414 2045 1668 2131 etiam,
1724 2056 1804 2114 ut
1847 2047 2323 2115 communior
2371 2047 2595 2117 habet
2640 2072 2804 2116 em·-

351 2154 594 2236 tentia,
645 2154 704 2221 si
754 2154 825 2220 in
876 2152 1295 2222 infidelitate
1347 2160 1773 2241 perseveret
1809 2151 1847 2218 '⁸.

489 2262 881 2329 Praeterea
929 2259 1210 2328 nedum
1263 2278 1397 2345 per
1443 2260 1642 2328 aliud
1686 2260 2247 2328 matrimonium
2279 2259 2541 2347 fidelis,
2575 2264 2704 2330 seii
2744 2272 2812 2326 iat

353 2388 489 2454 per
533 2366 1076 2457 professionem
1124 2366 1545 2456 reliyiosam
1594 2387 1638 2436 a
1671 2368 1990 2456 coniuge
2022 2370 2806 2440 conversoemisanm,

349 2476 566 2562 prius
629 2473 1191 2543 matrimonium
1240 2472 1513 2543 resolvi
1572 2473 1822 2543 verius
1869 2475 2321 2563 affirmant,
2378 2476 2608 2563 inquit
2664 2483 2804 2544 Πη-

349 2583 569 2651 schat
603 2581 660 2667 ἓ,
711 2583 781 2651 S.
841 2585 1404 2667 Bonaventura‚
1456 2583 1795 2652 Sanchez
1850 2589 1983 2652 etc.
2018 2591 2062 2650 ⁰.
2129 2586 2295 2651 Non
2358 2591 2608 2653 tamen
2680 2588 2812 2652 22⁴2!-

353 2692 552 2757 vitur
600 2708 733 2776 per
779 2708 1172 2759 sacrorum
1210 2690 1766 2777 susceptionem
1804 2691 2190 2774 ordinum,
2224 2698 2354 2760 aut
2383 2711 2516 2777 per
2549 2708 2660 2760 vitii
2688 2716 2808 2760 uin

350 2796 745 2865 absolutae
791 2797 1159 2882 castitatis,
1213 2804 1290 2865 ut
1336 2800 1766 2866 communis
1813 2799 1955 2866 DD.
1990 2800 2346 2868 sententia
2398 2800 2632 2868 docet.

490 2907 598 2972 40.
650 2905 917 2991 Nequit
964 2913 1212 2974 autem
1263 2905 1542 2973 coniux
1589 2923 2009 2974 conversus
2055 2906 2432 2974 secundas
2467 2908 2644 2976 inire
2686 2928 2808 2972 nn-

352 3012 566 3098 ptiaS,
617 3013 755 3080 nisi
805 3014 1012 3099 prius
1059 3013 1457 3099 coniugem
1506 3014 1758 3081 adhuc
1805 3012 2179 3083 infidelem
2234 3014 2628 3092 monuerit,
2680 3040 2808 3080 ff-zm:

351 3117 968 3206 interpellaverit,
1027 3126 1105 3189 ut
1150 3125 1436 3189 constet
1482 3119 1851 3206 videlicet,
1905 3119 2075 3188 velit
2124 3140 2214 3189 ne
2262 3126 2334 3189 et
2379 3121 2536 3210 ipse
2568 3124 2812 3209 fitium

352 3224 733 3314 amplecti,
787 3235 915 3296 aut
948 3246 1083 3313 pro
1115 3246 1433 3295 casuum
1469 3228 2042 3297 circumstantiis
2075 3235 2145 3297 et
2177 3231 2568 3316 regionum
2608 3232 2816 3296 niiwi-

354 3332 537 3414 buS,
589 3323 671 3400 ut
730 3331 912 3402 infra
965 3333 1418 3418 videbimuS,
1487 3332 1655 3401 uelit
1702 3352 1792 3401 ne
1850 3333 2170 3423 pacifice
2230 3355 2399 3404 eum
2459 3356 2812 3405 conrasas-w

356 3437 704 3508 habitare
740 3439 904 3521 ‚sine
955 3439 1098 3509 Dei
1138 3438 1625 3524 contumelia,
1691 3460 1824 3508 nee
1854 3439 2169 3527 fidelem
2212 3443 2664 3530 per-trahens
2716 3444 2816 3508 suf

351 3553 771 3633 peecatum.
798 3584 839 3594 -
866 3548 1078 3617 Ratio
1111 3554 1327 3633 patet,
1354 3548 1526 3635 quia
1560 3548 1751 3616 sicut
1783 3548 1853 3615 in
1891 3548 2116 3616 dubio
2151 3550 2245 3617 de
2280 3561 2517 3617 morte
2554 3552 2676 3635 pri:
2700 3556 2816 3616 wie

356 3655 718 3741 coniugis,
767 3657 1283 3725 necessarium
1333 3662 1447 3725 est
1494 3656 1906 3743 inquirere,
1959 3662 2040 3724 ut
2099 3674 2342 3743 nuper·
2404 3657 2732 3724 dixinim
2776 3660 2812 3732 Τ,

356 3779 450 3830 an
505 3760 621 3828 ille
672 3769 1017 3831 mortuus
1067 3763 1307 3849 reipsa
1357 3762 1468 3847 sit,
1522 3763 1815 3831 utalter·
1847 3763 2126 3831 coniux
2164 3762 2544 3832 secundas
2579 3768 2812 3832 vali-⁴11

495 3951 516 3986 ¹
565 3949 834 4012 Ouaest.
886 3950 1048 4010 Can.
1100 3949 1256 4009 546.
1313 3971 1374 4009 n.
1428 3951 1491 4009 6.

494 4047 519 4083 ’⁶'
565 4047 712 4124 Cap.
758 4047 1134 4123 qaudemus
1181 4051 1244 4115 8,
1289 4049 1368 4106 de
1411 4043 1739 4109 divortiis,

494 4149 517 4184 ³
560 4148 898 4208 Lem-onius
945 4149 1050 4206 zeb.
1092 4148 1153 4205 4.
1205 4149 1305 4205 tie.
1371 4146 1469 4205 19.
1520 4157 1777 4224 quaest.
1819 4148 1977 4206 5383.
2016 4181 2089 4194 -
2121 4131 2389 4225 Pit-hin'g
2435 4149 2570 4207 eod.
2612 4152 2712 4204 sixt.

360 4246 467 4301 tic.
516 4263 587 4302 n.
643 4246 749 4303 35.

493 4344 517 4381 ⁴
563 4345 836 4403 Sanchez
885 4345 990 4402 lib.
1047 4344 1104 4402 7.
1155 4346 1321 4419 disp.
1378 4344 1484 4402 77.
1538 4363 1605 4402 n.
1657 4350 1723 4404 6.

494 4443 519 4476 ⁵
564 4441 849 4501 Maschat
891 4443 1061 4501 [nst.
1113 4460 1264 4501 ean.
1320 4443 1426 4499 lib.
1479 4441 1541 4499 4.
1596 4443 1702 4500 cit.
1767 4442 1869 4499 19.
1920 4462 1988 4500 «n.
2044 4442 2103 4501 9.

494 4543 518 4578 ⁶
562 4541 638 4599 V.
690 4543 965 4602 Sanchez
1012 4544 1118 4600 lib.
1172 4541 1234 4598 7.
1283 4542 1450 4617 disp.
1509 4541 1615 4597 76.
1666 4560 1734 4598 n.
1792 4540 1853 4600 9.

495 4642 516 4679 ἵ
561 4643 991 4702 Praecedent.
1043 4660 1160 4700 nn.
1214 4642 1367 4701 8-9.
