3509 5317
711 505 865 563 ..21-

169 639 208 707 in
232 638 380 709 leminis
402 660 519 729 quam
543 642 579 710 in
605 642 784 712 masculis
808 648 845 710 et
868 643 1030 730 incipere
1054 649 1090 713 et
1112 641 1273 712 delicere
1299 643 1407 727 solet,

172 753 212 818 ut
228 752 330 818 notat
345 749 529 819 Gonzaiez
548 748 570 835 ¹,
589 749 834 822 Reiffenstuel
859 747 882 837 ²,
908 751 1245 839 Scbmalzgrueber
1269 749 1292 817 ⁸.

238 858 270 925 3.
295 859 390 927 Ante
414 857 512 926 hanc
534 862 693 928 aetatem
721 858 831 928 initae
856 859 1008 945 nuptiae
1030 860 1153 929 irritae
1189 863 1297 945 sunt,
1334 859 1405 927 nisi

171 962 317 1033 matria
340 963 517 1053 suppleat
539 969 714 1034 aetutem.
739 965 886 1037 Scilicet
920 967 1081 1055 proximi
1107 967 1309 1054 pubertati,
1335 966 1407 1035 dis·

117 1061 123 1070 ’
170 1071 334 1140 cretione
357 1076 393 1140 et
415 1072 574 1159 potentia
601 1073 762 1142 coeundi
787 1073 980 1161 pollentes,
1007 1073 1127 1144 valide
1150 1083 1186 1143 et
1210 1074 1303 1143 licite
1327 1079 1402 1144 tam

172 1178 209 1245 in
234 1176 314 1247 loro
338 1184 504 1267 externo
529 1199 644 1268 quam
671 1181 708 1248 in
725 1179 805 1272 toro
821 1183 1068 1272 conscientiae
1084 1183 1304 1252 contrahere
1321 1200 1401 1268 pos-

172 1293 262 1357 sunt
284 1289 565 1358 matrimonium
581 1288 593 1325 ⁸
602 1310 613 1377 ;
629 1290 815 1377 siquidem
831 1291 867 1358 in
891 1291 1126 1360 matrimonio
1146 1289 1405 1360 contrahendo

171 1397 333 1486 spectari
357 1416 431 1466 non
456 1396 566 1467 debet
588 1416 776 1467 annorum
803 1403 965 1485 tempus,
990 1399 1056 1467 sed
1081 1417 1129 1468 an
1142 1397 1405 1467 contrahentes

172 1504 254 1574 eius
278 1499 615 1590 discretionissint,
640 1512 681 1574 ut
703 1522 746 1573 se
770 1503 947 1592 obligare,
972 1522 1172 1594 generare,
1209 1504 1405 1590 concipere

172 1612 319 1697 possint
342 1610 364 1679 ⁵.
397 1614 520 1694 Quare
544 1630 612 1698 per
635 1609 820 1681 malitium
845 1613 904 1683 hic
928 1612 1076 1701 intelligi
1100 1612 1211 1682 debet
1233 1616 1313 1681 tum
1343 1630 1406 1681 na·

172 1726 287 1792 turae,
305 1720 410 1809 vigor
432 1738 501 1791 seu
524 1718 694 1809 potentio
717 1720 877 1791 coeundi
901 1727 937 1791 et
958 1720 1173 1809 generandi,
1197 1721 1404 1790 tumeliam

172 1827 381 1914 prudentia,
405 1827 505 1897 utin
528 1829 610 1899 iure
633 1833 788 1898 vocatur
804 1825 827 1915 ⁰,
852 1829 947 1898 idest
969 1825 1142 1897 discretio
1169 1833 1205 1899 et
1228 1828 1403 1897 iudicium

173 1934 325 2005 rationis
349 1934 540 2005 sufficiens
567 1934 615 2007 ad
651 1936 959 2021 cognoscendum
995 1941 1133 2006 statum
1169 1935 1405 2024 coniugalem

172 2043 331 2131 eiusque
355 2051 578 2130 perpetuum
603 2050 639 2113 et
661 2043 920 2113 indissolubile
946 2043 1159 2113 vinculum:
1184 2061 1283 2130 quae
1319 2043 1406 2125 duc,

142 2139 349 2220 ‘discretio
373 2168 511 2238 nempe
534 2156 569 2220 et
589 2151 773 2242 potentia,
800 2152 1010 2239 copulative
1026 2151 1267 2238 requiruntur
1282 2151 1329 2222 ad
1347 2169 1409 2220 va·

176 2259 294 2327 torem
317 2259 540 2329 matrimonii
565 2266 649 2329 ante
675 2260 875 2348 legitimam
904 2265 1063 2330 aetatem
1098 2258 1274 2329 contracti
1292 2257 1314 2324 ⁷.
1343 2259 1410 2327 Ta·

174 2367 275 2436 libus
297 2373 423 2438 autem
447 2368 754 2439 contrahentibus
779 2369 1058 2438 matrimonium
1094 2367 1274 2436 incumbit
1308 2383 1407 2434 onus

174 2476 366 2564 probandi,
391 2494 434 2545 se
459 2474 576 2547 tuisse
610 2481 780 2564 tempore
815 2482 1029 2546 contractus
1065 2474 1136 2545 illis
1170 2473 1408 2562 qualitatibus

172 2583 372 2672 praeditos
399 2590 525 2672 utpote
540 2603 638 2672 quae
655 2590 748 2654 ante
758 2585 992 2673 pubertatem
1010 2602 1085 2653 non
1102 2589 1405 2672 praesumuntur;

173 2691 268 2761 alias
294 2692 443 2761 illorum
476 2692 758 2762 matrimonium
792 2699 851 2763 est
872 2691 1142 2762 declarandum
1167 2689 1312 2760 nullum
1339 2686 1363 2757 ⁸.
1386 2726 1409 2739 α

174 2800 204 2868 E
227 2805 354 2890 contra
382 2800 546 2869 validum
571 2801 714 2870 censeri
740 2798 851 2869 debet
875 2798 1156 2868 matrimonium
1186 2799 1217 2867 si
1254 2797 1408 2885 quando

174 2906 334 2995 legitima
360 2907 511 2994 quidem
536 2914 640 2977 aetas
666 2907 771 2987 adsit
796 2926 866 2976 seu
890 2906 1018 2995 tepolis
1042 2906 1228 2994 pubertas,
1254 2913 1290 2975 at
1320 2923 1410 2973 non·

173 3013 267 3082 dum
290 3012 479 3083 naturalis
502 2991 661 3100 advenit,
688 3018 800 3082 utex
823 3014 929 3083 dictis
953 3017 1060 3100 patet.
1077 3012 1264 3083 Naturalis
1280 3021 1407 3081 autem

171 3120 352 3208 pubertas
374 3139 424 3189 ex
448 3120 574 3191 habitu
599 3121 769 3208 corporis
804 3128 840 3191 et
875 3122 1039 3209 potentia
1075 3120 1279 3209 generandi
1314 3119 1410 3189 colli·

173 3228 272 3316 gitur
295 3225 320 3295 ⁹.

243 3459 253 3496 ¹
275 3459 323 3519 Ad
344 3459 399 3519 cit.
423 3477 495 3535 cap.
522 3458 552 3518 3.
576 3460 617 3519 de
637 3460 823 3537 desponsat.
848 3462 971 3537 impul.
1073 3473 1084 3490 ·

242 3555 413 3616 ῃΕοιὶενη.
437 3559 485 3615 tit.
510 3575 544 3616 u.
572 3557 602 3618 3.

240 3654 253 3692 ³
274 3655 398 3714 Eodem
421 3658 470 3714 tit.
495 3674 556 3715 uu.
582 3655 707 3715 45-47.

241 3753 254 3790 ⁴
275 3754 325 3813 Ita
344 3771 384 3813 ex
405 3752 503 3813 citato
524 3772 591 3832 cap.
615 3755 847 3814 continebatur
869 3755 902 3822 6,
923 3759 956 3815 et
976 3772 1042 3832 cap.
1069 3755 1108 3813 cte
1130 3755 1200 3813 illis
1225 3751 1254 3812 9.
1280 3756 1326 3812 tit.
1351 3755 1406 3812 cit.

175 3849 242 3908 DD.
267 3850 386 3921 docent,
410 3855 445 3911 ut
466 3851 603 3910 Sanchez
628 3850 648 3908 l.
674 3867 703 3910 c.
728 3869 763 3910 u.
788 3851 845 3918 21,
866 3852 1002 3929 Pirhing
1026 3852 1079 3910 lib.
1104 3852 1136 3909 4.
1161 3855 1208 3910 tit.
1233 3851 1266 3910 2.
1289 3852 1330 3911 de
1355 3852 1408 3910 de-

173 3953 321 4022 sponsat.
347 3949 470 4023 impul.
496 3966 531 4007 u.
552 3947 607 4015 35,
622 3948 739 4025 aliique
759 3951 886 4026 passim.

241 4046 412 4124 ⁶Pirhing
435 4047 456 4105 l.
480 4065 506 4107 c.

242 4140 349 4221 ‘Gap
375 4143 428 4203 fin.
454 4151 529 4202 tuoe
550 4133 643 4202 uobis
670 4144 722 4202 ll.
747 4145 789 4203 de
808 4131 1061 4220 desponsatione
1081 4146 1302 4220 impuberum.

242 4240 413 4320 'Pirhing
436 4241 457 4300 l.
481 4260 508 4300 c.
526 4260 561 4300 u.
582 4241 643 4310 37,
665 4242 716 4302 ubi
738 4243 819 4304 citat
845 4230 925 4304 abb.
949 4245 987 4305 ad
1008 4262 1076 4320 cap.
1093 4244 1334 4313 continebatur,
1349 4247 1404 4304 cit.

174 4345 223 4400 tit.
249 4360 285 4398 u.
310 4340 342 4400 4.
503 4391 506 4398 .

241 4440 254 4478 ⁸
286 4439 457 4500 Leuremus
492 4441 617 4499 Forum
650 4439 846 4501 Ecclesiast.
880 4459 931 4501 seu
961 4442 986 4500 1.
1018 4441 1050 4501 O.
1084 4442 1122 4501 U.
1155 4443 1208 4501 tib.
1233 4442 1265 4500 4.
1298 4444 1345 4500 tit.
1374 4441 1407 4500 2.

174 4546 300 4618 quaeat.
330 4537 407 4600 137.
434 4558 467 4596 u.
489 4538 522 4597 2.

242 4635 342 4697 ⁹Gtr.
365 4635 551 4696 Leurenium
575 4637 596 4695 l.
621 4655 647 4695 c.
673 4646 797 4712 quaest.
828 4637 904 4695 140.
