3509 5317
705 547 884 608 ..207-

174 679 409 766 prohibitum
434 685 500 751 est.
523 720 546 729 -
570 681 608 751 ld
633 689 761 755 autem
786 688 990 757 tenendum
1015 688 1156 757 nedum
1180 702 1269 755 cum
1293 682 1416 773 agitur

175 784 231 854 de
254 785 522 873 impedimento
545 793 770 861 matrimonii
794 794 867 864 iam
895 794 979 880 initi,
1004 794 1070 864 sed
1096 795 1208 865 etiam
1231 794 1280 865 de
1303 790 1415 882 impe

172 892 345 967 dimento
371 897 594 968 matrimonii
621 900 874 988 contrahendi,
900 902 946 973 ita
973 909 1012 973 ut
1034 909 1119 992 post
1142 902 1351 989 publicatas
1368 912 1415 971 te

173 1005 297 1073 stium
312 1005 563 1093 depositiones
579 1011 779 1081 carentiam
798 1010 1052 1098 impedimenti
1069 1014 1282 1100 probantes,
1299 1018 1414 1083 testes

173 1110 240 1180 alii
264 1113 312 1181 ad
337 1115 575 1199 probandum
599 1117 910 1203 impedimentum
934 1117 1058 1188 induci
1075 1120 1227 1204 possint,
1245 1119 1413 1204 exceptis

173 1216 459 1291 limitationibus
492 1223 742 1311 quibusdam,
768 1224 817 1294 uti
842 1224 874 1292 si
897 1229 1072 1310 ageretur
1107 1242 1181 1293 non
1217 1223 1264 1297 de
1300 1222 1413 1313 iugali

174 1325 341 1414 vinculo,
365 1330 433 1397 sed
457 1328 504 1398 de
528 1329 691 1415 legitimo
715 1337 857 1401 tantum
885 1350 1068 1420 processu
1093 1334 1129 1400 in
1154 1349 1269 1402 causa
1291 1330 1412 1400 matri

173 1434 307 1502 monii.
331 1437 413 1504 Non
439 1436 564 1505 minus
587 1438 687 1506 enim
712 1447 819 1527 urget
842 1440 984 1525 peccati
1007 1438 1214 1526 periculum
1241 1439 1272 1506 si
1303 1454 1412 1525 copu-

174 1543 347 1615 larentur
370 1547 433 1635 qui
457 1548 623 1635 copulari
648 1566 724 1616 non
750 1552 918 1633 possunt,
937 1547 1101 1635 quamsi
1120 1546 1279 1635 legitime
1302 1564 1413 1633 copu-

173 1649 243 1719 lati
266 1661 489 1738 separentur
506 1652 529 1722 ¹.

248 1766 281 1831 5.
306 1763 363 1832 De
385 1760 668 1853 exemptionibus
698 1770 832 1834 contro
866 1769 987 1833 testes.
1012 1801 1034 1813 -
1061 1761 1229 1849 Triplicis
1264 1761 1414 1850 generis

173 1871 422 1957 exceptiones
437 1869 516 1939 fleri
533 1877 693 1958 possunt
708 1878 837 1942 contra
862 1877 993 1942 testes:
1019 1871 1053 1939 1ο
1071 1870 1165 1941 aliae
1181 1873 1316 1938 eontra
1330 1885 1413 1956 per·

173 1995 295 2045 sonos
321 1977 482 2062 testium,
509 1980 736 2066 opponendo
760 1977 839 2065 illis,
865 1977 966 2067 quod
991 1976 1050 2048 vel
1075 1976 1229 2046 omnino
1255 1973 1313 2044 vel
1343 1973 1412 2043 sal·

173 2088 258 2152 tem
282 2091 455 2172 respectu
479 2084 562 2153 talis
593 2103 732 2155 causae
763 2085 837 2154 sint
870 2084 1054 2160 inhabiles
1084 2084 1133 2153 ad
1156 2081 1411 2152 testimonium

173 2187 389 2261 ferendum.
414 2228 437 2238 -
458 2191 497 2261 2ο
514 2192 618 2263 Aliae
641 2196 776 2262 eontra
801 2190 952 2262 testium
980 2187 1291 2280 productionem,
1317 2207 1413 2257 rece·

172 2294 359 2384 ptionem,
386 2316 572 2368 emmens
595 2320 626 2370 e.
643 2320 678 2389 g.
702 2300 803 2388 quod
829 2300 999 2387 producti
1023 2306 1059 2370 et
1082 2299 1219 2387 recepti
1240 2305 1326 2367 ante
1344 2295 1412 2365 litis

174 2407 498 2492 contestationem,
524 2408 581 2476 vel
606 2415 710 2495 parte
733 2407 894 2479 adversa
918 2426 994 2476 non
1018 2409 1137 2493 citata,
1162 2412 1198 2477 et
1221 2406 1257 2473 in
1281 2404 1410 2474 causis

176 2511 516 2583 matrimonialibus
539 2534 614 2584 non
642 2516 800 2606 legitime
824 2516 932 2586 citato
957 2513 1178 2585 matrimonii
1214 2508 1412 2581 ‹telensore

175 2638 231 2689 ex
255 2620 396 2704 officio,
422 2624 479 2693 vel
505 2624 606 2712 quod
638 2623 794 2693 admissi
830 2629 916 2711 post
949 2622 1093 2697 tertiam
1126 2619 1410 2707 productionem

176 2726 262 2796 sine
286 2728 391 2818 legali
415 2730 658 2816 solemnitate,
683 2730 742 2801 vel
765 2750 841 2799 non
865 2731 982 2815 iurati,
1000 2729 1059 2798 vel
1083 2727 1185 2817 quod
1209 2725 1411 2795 examinati

176 2833 231 2901 ab
254 2834 525 2924 incompetente
548 2836 678 2924 iudice,
703 2848 744 2908 ut
766 2838 931 2909 Clericus
947 2839 995 2907 ab
1011 2835 1132 2907 iudice
1154 2833 1314 2905 seculari
1331 2831 1412 2901 sine

176 2940 323 3012 licentia
348 2944 406 3013 sui
430 2946 644 3034 superioris,
670 2946 729 3016 vel
752 2954 837 3034 post
860 2946 1022 3017 deducta
1051 2964 1076 3014 a
1106 2944 1336 3032 producente
1366 2946 1412 3009 te·

176 3049 348 3137 sdllcata,
373 3057 457 3139 post
478 3052 702 3122 conclusum
727 3054 761 3120 in
786 3072 922 3140 causa,
947 3052 1006 3123 vel
1029 3068 1105 3122 non
1136 3050 1295 3119 seorsim
1328 3063 1413 3115 exa·

178 3156 307 3227 minati
332 3159 399 3228 sed
423 3160 547 3246 simul,
573 3179 647 3229 non
672 3166 827 3230 secreto.
851 3199 874 3209 -
897 3161 934 3230 3⁰
951 3161 1054 3230 Aliae
1070 3163 1206 3230 contra
1220 3151 1414 3246 depositio

178 3263 374 3356 nosipsos
398 3274 434 3337 et
456 3265 558 3338 dieto
583 3267 746 3349 testium,
773 3270 912 3339 scilicet
935 3271 1037 3358 qnod
1061 3270 1135 3338 sint
1158 3270 1250 3337 inter
1271 3287 1314 3336 se
1329 3282 1414 3336 con·

177 3373 302 3458 traria,
313 3375 485 3461 obscura,
495 3373 841 3465 incertaambigua,
852 3376 1155 3462 vacillantia,non
1168 3374 1412 3462 congruentia

178 3481 276 3553 sacto
301 3481 360 3552 vel
392 3488 549 3553 naturae
581 3483 649 3569 rei,
674 3500 749 3553 non
776 3483 1006 3566 verisimilia,
1032 3482 1091 3551 vel
1121 3483 1275 3552 omnino
1306 3481 1411 3569 falsa,

179 3591 394 3680 singularia,
419 3595 526 3660 extra
549 3589 726 3660 articulos
750 3597 787 3660 et
810 3590 1101 3678 interrogatoria,
1119 3589 1177 3659 vel
1195 3607 1270 3657 non
1288 3589 1411 3659 addita

180 3717 296 3768 causa
320 3698 495 3768 scientiae
519 3702 585 3768 etc.
603 3696 627 3765 ².

246 3806 279 3873 6.
305 3804 383 3874 lam
400 3822 491 3875 vero
512 3802 630 3893 primi
649 3806 799 3893 generis
815 3803 1065 3891 exceptiones
1082 3803 1258 3873 nimirum
1276 3807 1412 3872 contro

177 3928 365 3998 personas
390 3909 538 3980 testium
562 3912 810 3999 opponendae
831 3909 1059 4001 repuleriter
1075 3915 1163 3979 sunt
1184 3907 1412 3998 priusquam

180 4036 315 4087 eornm
347 4018 590 4106 publicentur,
616 4019 891 4101 attestationes,
918 4020 957 4087 ut
986 4024 1131 4088 constat
1158 4035 1208 4085 ex
1237 4015 1412 4086 decretali

181 4124 381 4195 innocentii
406 4122 492 4212 111²,
517 4125 554 4193 in
578 4145 653 4213 qua
677 4130 804 4195 tamen
829 4123 1000 4193 Pontifex
1023 4129 1100 4193 tres
1123 4124 1259 4210 excipit
1286 4139 1411 4208 casus,

250 4375 419 4456 ¹Pirhing
441 4376 495 4436 lib.
521 4374 553 4436 2.
578 4377 626 4433 tit.
651 4374 707 4431 20.
733 4393 794 4433 nn.
817 4372 991 4435 230-231.

247 4474 416 4553 2Pirhing
444 4476 465 4534 l.
494 4494 522 4535 e.
546 4493 580 4533 o.
614 4472 694 4532 239.
722 4473 824 4549 citans
850 4472 988 4550 Hiltrop.
1017 4473 1055 4530 ia
1082 4489 1237 4548 processu
1260 4469 1417 4528 iudiciali

182 4578 229 4634 tit.
256 4572 287 4634 9.
311 4583 370 4635 toto
390 4593 463 4651 cap.
488 4574 520 4632 6.

247 4672 356 4751 ³Gap.
376 4674 606 4749 praesentium
631 4669 686 4741 31,
707 4671 747 4729 de
769 4670 872 4729 testib.
898 4675 929 4727 et
948 4675 1087 4727 attestat.
