3509 5317
1760 532 1835 546 —
1878 501 2116 561 376-

714 660 1018 724 semper
1066 644 1134 708 et
1194 640 1828 726 quandocumque
1892 644 2055 709 acta
2129 656 2553 725 processuS,
2626 640 2759 708 etsi
2837 640 3179 709 nondum

718 748 1082 832 publicati,
1134 751 1348 816 erunt
1392 746 2042 831 communicanda,
2091 764 2394 830 semper
2427 760 2498 816 et
2528 747 3175 836 quandocumque

718 856 878 920 aius
922 856 1190 940 scripta
1246 858 1459 922 erunt
1505 852 1947 939 recipienda,
1997 872 2088 922 ac
2133 854 2304 922 novi
2342 854 2632 923 termini
2667 872 2758 924 eo
2793 854 3177 943 flagitante

718 968 934 1028 erunt
981 960 1451 1048 proregandi,
1505 966 1584 1029 ut
1629 980 1716 1030 ea
1769 958 2100 1048 perficiat
2146 967 2218 1030 et
2264 961 2634 1032 exhibeat.

854 1068 1238 1136 praefinita
1290 1066 1406 1136 die
1453 1069 1523 1135 in
1574 1068 1913 1137 citatione
1960 1068 2424 1155 comparebit
2482 1067 2773 1137 instans
2844 1086 2985 1155 pro
3034 1071 3191 1137 nul-

718 1172 926 1256 litate,
978 1182 1046 1240 et
1118 1188 1290 1244 tunc
1360 1173 1720 1245 Defensor
1790 1176 2238 1245 matrimonii
2316 1175 2552 1244 tradet
2614 1175 3183 1263 interrogatoria

718 1280 966 1348 clausa
1022 1288 1090 1348 et
1138 1284 1524 1369 [ibsignata
1560 1281 2012 1351 Cancellario
2045 1301 2183 1351 seu
2219 1282 2539 1367 Notario,
2587 1281 3019 1368 aperienda,
3064 1282 3188 1350 illo

718 1388 1158 1472 postulante,
1210 1408 1306 1456 ex
1354 1387 1623 1457 Iudicis
1671 1388 1969 1458 decreto
2020 1390 2089 1456 in
2124 1396 2291 1459 actu
2328 1386 2721 1474 examinis,
2756 1408 2992 1476 super
3031 1390 3189 1476 qui-

718 1496 862 1560 hus
910 1496 1479 1584 interrogandus
1525 1496 1660 1564 erit
1705 1497 1986 1566 coniux
2032 1497 2320 1566 instans
2370 1515 2503 1583 pro
2550 1496 2902 1566 nullitate.
2955 1497 3053 1565 Iis
3095 1516 3188 1566 ea

718 1600 942 1668 addet
986 1604 1202 1672 etiam
1258 1604 1324 1672 in
1374 1613 1544 1673 actu
1593 1605 1966 1674 examinis
2020 1624 2120 1674 ex
2188 1602 2432 1673 officio
2502 1605 2761 1688 IudeX,
2834 1623 3036 1691 quae
3085 1625 3192 1674 ex

718 1712 1331 1796 1·essmnsi÷-÷nibi1s
1378 1711 1621 1799 magis
1666 1720 1837 1797 apta
1887 1710 2291 1797 conspiciet
2336 1711 2432 1780 ad
2483 1711 2867 1779 veritatem
2921 1729 3192 1780 eruen-

718 1820 890 1884 dam
966 1820 1126 1888 sive
1198 1820 1262 1884 in
1318 1818 1892 1888 declarationem
1945 1818 2522 1905 responsionum
2573 1818 2947 1905 datarum,
3023 1820 3194 1889 sive

717 1944 946 2012 super
994 1924 1210 1992 navia
1258 1925 1827 1996 circumstantiis
1877 1925 2428 2011 resultantibus,
2478 1924 2680 2012 quod
2730 1926 2867 1994 erit
2931 1926 3191 1996 intelli-

718 2032 1046 2120 gentium
1098 2036 1314 2100 eliani
1366 2033 1461 2102 de
1508 2034 1667 2102 aliis
1713 2033 2320 2119 interrogatoriis,
2369 2052 2601 2120 super
2632 2033 2910 2121 quibus
2960 2037 3195 2104 ceteri

718 2160 986 2208 tannes
1034 2144 1126 2212 [le
1178 2163 1254 2212 re
1306 2144 1634 2212 instructi
1682 2148 1902 2211 erunt
1957 2140 2458 2211 examinandi.

854 2252 1042 2316 Cum
1094 2252 1335 2336 itaque
1381 2249 1768 2319 advenerit
1813 2255 2082 2318 statuta
2135 2250 2295 2317 dies
2342 2267 2521 2335 pars
2569 2248 2979 2318 nullitatem
3033 2270 3197 2321 ma-

722 2356 1034 2424 trimonii
1082 2356 1418 2444 allegans
1464 2355 1929 2442 comparebit
1977 2360 2055 2424 ut
2100 2374 2338 2443 supra
2397 2355 2693 2441 dictum,
2760 2375 3022 2426 coram
3077 2357 3195 2427 Iu-

718 2464 898 2548 dice,
950 2464 1284 2532 adstante
1334 2461 1737 2533 Defensor-e
1788 2461 2229 2532 matrimonii
2283 2467 2355 2531 et
2400 2462 2876 2553 Cancellario.
2942 2464 3198 2535 Iudex

718 2572 994 2640 deferet
1042 2572 1226 2656 parti
1262 2572 1809 2641 examinandae
1845 2553 2349 2641 iuramentum
2376 2571 2470 2639 de
2505 2571 2808 2641 veritate
2840 2571 3195 2658 dicenda,

718 2688 786 2748 et
834 2676 1102 2748 {zleinde
1142 2678 1495 2748 reserabit
1525 2678 2089 2765 interrogatoria
2125 2677 2471 2760 exhibita,
2521 2686 2864 2764 utsupra
2900 2678 3197 2747 dictum

722 2792 846 2868 est,
898 2808 946 2856 a
994 2787 1393 2856 Defensore
1456 2785 1927 2870 matrimonii,
1987 2803 2227 2872 eaque
2289 2786 2713 2873 singulatim
2789 2797 3194 2875 proponet,

718 2896 970 2964 audiet
1018 2894 1567 2980 resltinnsiones,
1618 2912 1902 2982 easque
1950 2893 2248 2963 dictabit
2295 2893 2771 2964 Cancellario.

858 3004 1146 3072 Interim
1202 3004 1380 3069 dum
1434 3021 1610 3087 pars
1670 3002 1808 3070 erit
1877 3001 2375 3070 examinanda
2449 3002 2609 3087 ipse
2681 3002 3196 3072 Cancellarius

718 3112 1094 3176 exscribat
1142 3112 1210 3176 in
1254 3127 1607 3196 processu
1647 3109 1969 3195 primam
2007 3108 2684 3196 interrogationem,
2721 3112 2794 3178 et
2825 3110 3196 3196 deinceps

722 3216 1062 3300 singulas
1106 3236 1202 3284 ex
1238 3213 1519 3299 ordine,
1554 3225 1724 3303 post
1753 3235 1950 3302 quas
1980 3216 2254 3284 scribet
2287 3216 2820 3303 responsiones
2851 3235 2900 3284 a
2932 3217 3195 3286 Iudice

722 3324 1126 3392 dictandas.
1174 3324 1246 3392 Si
1298 3325 1499 3411 quod
1553 3322 2224 3411 interrogatorium,
2278 3332 2358 3392 ut
2406 3324 2759 3410 superius
2811 3325 3191 3393 monitum

718 3440 850 3508 est,
902 3432 1218 3500 addatur
1266 3452 1364 3500 ex
1389 3430 1634 3499 officio
1669 3448 1715 3498 a
1747 3429 1998 3499 Iudice
2037 3429 2150 3498 vel
2184 3449 2228 3499 a
2266 3427 2673 3523 Defensore
2703 3431 3192 3516 matrimonii,

718 3540 1218 3608 *Cancellarius
1270 3536 1759 3620 interrumpet
1804 3535 2143 3604 ordinem
2198 3536 2785 3623 progressivum,
2837 3542 2910 3607 et
2955 3536 3194 3607 adno-

722 3644 898 3712 tabit
942 3644 1412 3732 tin-tarwanam
1458 3663 1567 3712 ex
1616 3641 1918 3732 officc'0;
1967 3654 2040 3712 et
2083 3643 2352 3729 scripta
2404 3643 2930 3731 iterrogatione
2975 3651 3049 3713 et
3082 3664 3200 3715 re-

718 3755 1142 3836 sponsione,
1198 3763 1619 3821 reassumet
1666 3751 2003 3820 ordinem
2058 3751 2626 3838 progressivum
2677 3751 3195 3840 interrogatio-

722 3880 902 3924 num
958 3860 1453 3928 exhibitarum
1504 3879 1545 3928 a
1595 3857 2003 3948 Defensore
2051 3857 2518 3926 matrimonii.

854 3968 926 4032 Si
1006 3988 1325 4036 examen
1394 3986 1538 4035 una
1615 3966 1955 4036 sessione
2015 3964 2303 4034 absolvi
2373 3982 2522 4032 non
2593 3966 2888 4052 poterit,
2940 3967 3192 4034 ludex

722 4072 898 4140 illud
946 4076 1371 4160 suspendet,
1442 4093 1532 4142 ac
1599 4072 1995 4141 destinabit
2041 4072 2259 4140 etiam
2339 4071 2538 4140 diem
2602 4077 2674 4141 et
2720 4072 2991 4141 horam
3046 4092 3193 4156 pro

722 4184 1318 4264 reassumpti-:tine
1364 4184 1437 4249 et
1480 4181 2006 4267 prosecutione
2053 4179 2314 4248 iisdem
2366 4179 2594 4246 modo
2652 4197 2743 4248 ac
2790 4178 3030 4249 forma
3079 4176 3191 4248 fa-

718 4288 998 4372 cienda,
1054 4296 1130 4356 ut
1174 4307 1402 4372 sauir-a
1453 4287 1731 4356 dictum
1780 4295 1912 4356 est.
1972 4286 2336 4355 Absoluto
2398 4285 2751 4355 examine
2809 4286 3195 4357 Cancella-

722 4396 874 4464 rins
926 4396 1114 4480 leget
1162 4396 1356 4463 clara
1409 4398 1480 4463 et
1526 4394 1946 4480 intelligibili
1996 4412 2178 4462 voce
2227 4391 2765 4476 responsiones
2797 4393 3030 4477 datas,
3080 4392 3197 4464 fa-

718 4512 826 4572 cta
882 4504 1310 4572 examinato
1374 4499 1715 4570 facultate
1788 4500 2117 4570 variandi
2187 4511 2261 4569 et
2327 4499 2752 4569 declarandi
2805 4499 3021 4570 datas
3066 4520 3189 4571 re-

722 4612 1186 4696 sponaienes‚
1242 4619 1460 4696 prout
1505 4609 1568 4676 ei
1621 4608 1924 4677 libuerit.
1976 4608 2313 4676 Tandem
2368 4606 2603 4675 Iudex
2651 4605 2934 4677 deferat
2984 4607 3190 4689 ius-a-
