3509 5317
166 644 326 730 intendit,
352 645 562 714 seeundum
580 644 863 715 matrimonium
882 643 1107 714 contraxerit
1125 647 1208 731 post
1223 640 1396 729 baptismi

166 752 454 839 susceptionem,
472 770 520 821 an
544 759 640 822 ante.
657 752 695 822 Si
711 752 992 822 matrimonium
1010 749 1182 821 acciderit
1193 767 1281 819 curn
1292 753 1397 835 parte

167 859 345 932 catholica
371 867 456 948 post
483 859 659 947 baptismi
692 859 989 948 susceptionem,
1025 859 1093 928 erit
1123 859 1398 946 inquirendum,

130 976 133 981 '
167 978 296 1039 utrum
313 968 559 1057 praecesserit
582 969 753 1058 coniugis
773 968 898 1039 adbuc
917 967 1076 1038 infidelis
1098 969 1276 1039 canonica
1294 968 1400 1035 inter·

166 1077 325 1165 pallatio
351 1077 562 1147 autsaltem
581 1097 602 1146 a
621 1074 780 1165 legitima
807 1081 990 1163 potestate
1012 1075 1121 1146 fuerit
1135 1075 1396 1163 supercadem
1512 1157 1517 1167 q

167 1184 462 1272 interpellatione
485 1183 758 1272 dispensatum.
791 1183 986 1264 Quatenus
1009 1181 1210 1251 constiterit
1231 1182 1280 1251 de
1302 1178 1397 1251 facta
1473 1272 1479 1279 ὁ

167 1291 459 1379 interpellatione
484 1296 549 1362 aut
581 1291 628 1361 de
652 1291 748 1360 illius
771 1289 1058 1378 dispensatione,
1091 1292 1255 1377 primum
1279 1288 1400 1357 matri·

168 1401 337 1469 monium
361 1401 490 1488 nequit
513 1399 679 1487 amplius
710 1399 935 1468 constituere
966 1395 1157 1467 vinculum
1187 1397 1397 1466 secundum
1462 1392 1466 1400 '

169 1508 402 1577 connubium
428 1507 599 1595 irritans;
624 1511 811 1596 quatenus
827 1525 918 1575 vero
934 1523 1058 1593 neque
1081 1502 1399 1592 interpellatione

168 1633 242 1702 que
269 1615 438 1685 eiusdem
471 1614 701 1702 dispensatio
731 1613 993 1702 praecesserit,
1025 1613 1189 1700 primurn
1214 1615 1401 1683 matrimo

170 1723 274 1790 nium
300 1721 459 1792 obstabit
489 1721 641 1810 quidem
667 1720 852 1807 secunde,
882 1723 950 1792 sed
980 1720 1198 1791 Ordinarius
1221 1721 1398 1791 iudicium

169 1831 402 1918 suspendere
426 1830 583 1916 debebit
609 1835 645 1900 et
667 1850 800 1900 casum
824 1849 911 1899 cum
937 1831 1114 1900 omnibus
1137 1831 1218 1900 suis
1245 1831 1401 1899 circum·

167 1941 314 2012 stantiis
336 1942 384 2010 ad
410 1941 446 2010 S.
472 1940 608 2011 Sedem
634 1942 830 2026 remittere,
860 1958 959 2027 quae
990 1940 1058 2027 ipsi
1090 1939 1285 2010 Ordinario
1309 1940 1397 2027 quid

169 2047 382 2120 faciendum
408 2050 463 2135 sit,
487 2048 671 2118 indicabit.
690 2048 747 2116 Ad
764 2046 1003 2135 probandum
1020 2065 1121 2133 ver0,
1144 2057 1270 2117 utrum
1294 2047 1401 2116 inter·

170 2156 316 2243 pellatio
343 2155 399 2224 vel
425 2155 505 2225 eius
530 2155 756 2243 dispensatio
774 2154 1031 2240 intercesserit,
1055 2153 1274 2223 consulendi
1291 2157 1401 2221 erunt

170 2263 250 2332 libri
280 2264 617 2349 matrimoniorum,
647 2263 705 2332 vel
731 2265 839 2333 etiam
873 2267 1022 2351 regesta
1044 2263 1170 2331 euriae
1201 2261 1237 2330 in
1263 2262 1413 2349 quibus*

171 2371 263 2439 liaeo
282 2377 455 2440 accurate
471 2377 580 2439 erunt
596 2386 749 2457 semper
764 2366 1004 2441 recensenda.
1022 2369 1173 2451 Quodsi
1189 2368 1399 2438 secundum

172 2476 452 2578 matrimonium
478 2483 712 2546 contractum
737 2475 846 2546 luerit
867 2476 977 2546 etiarn
995 2477 1030 2543 in
1052 2473 1274 2560 infidelitate,
1299 2494 1402 2562 prae·

170 2580 400 2648 sumendum
426 2580 578 2667 quidem
603 2580 671 2649 erit
692 2580 805 2667 quod,
830 2581 1033 2667 antequam
1058 2597 1230 2666 persona,
1255 2578 1303 2648 de
1327 2599 1402 2667 qua

63 2681 64 2684 ’
171 2687 307 2775 agitur,
332 2687 380 2757 ad
404 2687 637 2774 baptismum
664 2687 928 2774 admitteretur,
945 2694 1093 2758 servata
1117 2686 1403 2774 fuerintomnia,

174 2812 272 2881 quae
295 2789 346 2863 ss,
371 2812 536 2864 canones
561 2813 629 2883 pro
646 2795 703 2864 his
720 2796 870 2865 casibus
887 2801 1053 2867 statuunt
1068 2815 1077 2883 ;
1102 2799 1169 2867 sed
1185 2798 1216 2865 si
1233 2798 1402 2867 institutis

174 2902 394 2988 opportunis
406 2902 754 2991 investigationibus
770 2902 897 2973 adhue
912 2905 1069 2974 dubium
1086 2904 1216 2991 subsit,
1234 2905 1281 2975 ad
1295 2904 1331 2974 S.
1343 2905 1403 2975 Se·

172 3009 260 3079 dem
284 3011 353 3082 erit
375 3010 657 3080 recurrendum.
707 3044 720 3074 a

588 3245 786 3296 laricanus
817 3245 979 3303 ournrus.

480 3386 537 3456 De
560 3383 825 3475 impedimento
848 3384 1096 3473 impotentiae.

241 3543 295 3611 45.
320 3542 377 3611 Ad
402 3542 702 3632 impugnandum
737 3561 787 3611 ex
809 3542 929 3628 capite
955 3543 1190 3629 impotentiae
1218 3547 1404 3627 matrimo

171 3648 277 3718 nium
310 3649 551 3719 solummodo
587 3650 768 3738 coniuges
798 3649 1062 3749 admittuntur,
1098 3653 1184 3738 quia
1220 3653 1311 3740 ipsis
1345 3674 1401 3729 so·

174 3757 369 3828 lummodo
399 3758 470 3826 hoc
501 3754 641 3826 factum
666 3756 856 3845 cognitum
886 3775 972 3826 esse
1002 3763 1132 3845 potest,
1157 3764 1194 3828 et
1227 3760 1296 3846 ipsi
1329 3766 1405 3831 tan-

172 3863 369 3935 tummodo
392 3864 440 3933 de
464 3864 537 3932 hac
560 3883 601 3933 re
625 3863 767 3933 solliciti
788 3882 874 3934 esse
898 3864 1044 3933 debent.
1069 3864 1118 3934 Ut
1140 3875 1265 3935 autern
1291 3868 1405 3953 impo

174 3973 306 4043 tentiae
331 3972 611 4043 matrimonium
636 3977 869 4042 contractum
886 3971 1007 4057 irritet,
1031 3989 1188 4041 necesse
1211 3981 1277 4060 est,
1303 3978 1343 4041 ut
1358 3974 1404 4042 sit

174 4080 402 4151 antecedens
425 4091 538 4169 atque
553 4085 745 4169 perpetua,
770 4099 868 4168 quae
883 4080 1021 4149 scilicet
1042 4079 1277 4150 naturalibus
1292 4088 1404 4168 atque

173 4185 278 4257 licitis
302 4188 477 4258 remediis
508 4188 582 4257 tolli
613 4207 687 4257 non
719 4189 846 4275 possit.
882 4188 954 4257 Ista
985 4186 1203 4274 impotentia
1232 4186 1265 4256 si
1297 4184 1406 4257 suerit

173 4294 353 4382 absoluta,
379 4313 447 4365 seu
472 4296 553 4365 talis
583 4300 624 4365 ut
645 4295 799 4364 omnino
828 4294 1097 4383 impossibilem
1121 4293 1252 4364 reddat
1281 4294 1405 4363 coniu-

173 4402 296 4490 galem
321 4402 507 4490 copulam,
525 4402 805 4474 matrimonium
824 4402 960 4472 dirimit
974 4422 1135 4489 semper,
1152 4412 1189 4473 et
1203 4420 1292 4471 cum
1318 4420 1406 4489 qua·

174 4510 260 4579 libet
282 4528 445 4597 persona
467 4516 721 4596 contractum;
746 4511 777 4579 si
802 4529 892 4580 vero
917 4511 1068 4580 relativa
1092 4516 1255 4597 tantum,
1281 4510 1403 4578 matri·

175 4617 346 4687 monium
370 4617 504 4688 dirimit
527 4617 769 4688 solummodo
798 4636 886 4687 cum
911 4618 991 4704 illa,
1006 4619 1054 4687 ad
1085 4636 1201 4706 quam
1226 4618 1405 4704 impoten·
1472 4640 1474 4643 ·
