3509 5317
161 674 182 723 a
217 652 387 723 Sanciiez
413 649 442 737 ¹,
467 651 515 720 ab
547 648 732 738 ursaya‘2
765 649 922 737 aliisque
958 648 1190 733 referuntur,
1214 667 1312 736 quae
1342 652 1392 718 ta·

161 778 246 830 rnen
272 777 407 828 omnes
431 758 479 826 ad
504 758 669 845 quinque
692 755 797 827 facile
821 756 948 825 reduci
966 763 1135 843 possunt,
1153 774 1315 842 quarum
1332 754 1392 825 aii-

160 884 258 953 quae
282 885 324 935 ea
350 865 491 958 ratione
515 864 664 951 probari
689 864 834 949 debent,
851 883 924 951 qua
944 881 1040 950 opus
1057 868 1114 932 est-
1130 862 1166 930 in
1188 880 1304 932 causa
1321 862 1392 931 dis·

159 973 400 1060 pensationis.
435 1009 458 1018 -
494 972 638 1058 ltaque:
666 970 799 1039 Prima
822 989 937 1040 causa
963 970 1010 1038 sit
1044 967 1272 1058 impotentia,
1301 971 1392 1038 scite

159 1086 286 1149 tamen
311 1077 528 1165 accipienda
551 1086 587 1147 et
609 1078 817 1165 probanda.

228 1184 417 1255 Secunda:
443 1184 551 1274 lepra
582 1184 639 1253 ael
669 1184 745 1253 alia
776 1183 984 1274 infirmitas
1016 1202 1126 1251 acrtm
1156 1182 1392 1252 matrimonii

159 1291 374 1382 impediens.
912 1342 915 1349 .

235 1402 382 1469 Tertia:
416 1399 550 1469 Odium
573 1396 809 1489 implacabile
839 1398 937 1467 inter
959 1397 1145 1487 coniupeS,
1179 1418 1248 1486 pro
1278 1398 1392 1467 modo

101 1540 105 1551 ·
161 1507 456 1595 expendendum
492 1526 537 1576 ac
572 1506 831 1595 probandum,
859 1506 1078 1592 praesertim
1103 1525 1152 1574 ex
1188 1505 1393 1575 rationibus

161 1614 370 1683 aversionis
395 1614 518 1683 animi.
1143 1702 1145 1707 ,

230 1723 397 1799 anama:
421 1719 636 1789 uoluntaria
659 1726 696 1788 et
719 1718 826 1788 nimis
848 1723 1050 1807 protracta
1072 1717 1202 1788 dilatio
1236 1718 1393 1787 allerias

82 1852 90 1869 ·
160 1825 328 1915 eoniupis
350 1826 404 1896 aal
425 1825 761 1895 consummandam
786 1825 1080 1895 matrimonium.

231 1934 396 2011 Qainla:
418 1932 623 2002 scoriadam
647 1932 930 2002 matrimonium
949 1952 1035 2001 cam
1058 1931 1135 2001 alra
1156 1951 1322 2020 persona
1345 1931 1393 2002 ab

161 2041 353 2110 alterutro
376 2037 529 2126 aoniapc
553 2040 695 2109 mitam.

228 2146 283 2215 21.
309 2147 367 2215 De
388 2146 515 2235 prima
537 2166 666 2216 caasa.
689 2185 713 2195 -
736 2147 876 2215 Omnes
902 2149 1089 2230 Doctores,
1113 2148 1208 2215 inter
1228 2165 1325 2234 quos
1344 2147 1398 2214 Pi·

161 2252 341 2342 gnoteili³
366 2262 402 2324 el
431 2255 634 2342 Fagnanus
651 2251 681 2340 ⁸,
709 2252 864 2338 docent,
893 2251 1151 2341 impotentiam
1182 2253 1396 2323 alterutrius

162 2360 343 2449 coniugia,
360 2379 457 2448 quae
474 2361 712 2430 matrimonio
729 2371 810 2429 rato
826 2361 1077 2446 superveniat,
1093 2360 1231 2429 iustam
1248 2360 1396 2446 dispen-

163 2468 271 2537 sandi
296 2486 454 2537 causam
478 2467 708 2536 censendam
733 2486 829 2536 esse.
855 2468 962 2536 Ratio
987 2474 1044 2536 est
1059 2468 1145 2554 quia
1163 2482 1314 2553 propter
1333 2468 1397 2535 im·

162 2576 364 2663 polentiam
390 2582 514 2644 cessat
537 2575 760 2644 matrimonii
785 2573 880 2661 finis3
906 2581 942 2643 et
969 2574 1055 2662 quia
1087 2574 1201 2643 altera
1231 2594 1321 2662 pars
1344 2575 1392 2644 ad

162 2683 371 2752 castitatem
391 2682 624 2752 servandam
647 2689 846 2770 cogeretur
871 2682 992 2768 invita,
1007 2683 1108 2769 quod
1134 2684 1213 2751 iura
1231 2688 1356 2751 vetant
1370 2682 1391 2748 ³.

163 2826 184 2838 -
207 2790 304 2859 Hinc
329 2807 431 2859 mera
455 2788 643 2876 sterilitas
657 2791 823 2859 seiuncta
839 2790 887 2858 ab
903 2790 1117 2876 impotentia
1131 2778 1300 2876 coeundi,
1318 2808 1395 2858 non

164 2900 220 2962 est
243 2895 340 2963 iusta
364 2911 480 2962 causa
504 2893 747 2980 dispensandi
771 2893 806 2960 in
834 2893 1070 2961 matrimonio
1096 2904 1186 2979 rato,
1218 2893 1394 2980 quamvis

163 2998 337 3070 sterilitas
361 3000 516 3087 probata
546 3000 601 3085 sit,
634 3018 709 3068 non
733 3000 886 3098 quidem
916 3019 966 3070 ex
999 3019 1071 3069 usu
1103 3000 1216 3069 huius
1246 3000 1397 3087 legitimi

164 3107 335 3194 coniugii,
360 3105 461 3194 quod
486 3107 560 3175 iarn
586 3125 660 3174 non
686 3113 786 3175 esset
815 3107 1029 3194 simpliciter
1054 3113 1176 3176 ratum
1208 3108 1277 3177 sed
1307 3126 1397 3176 con·

164 3218 410 3299 summatum,
438 3232 568 3282 verum
595 3216 706 3283 etiarn
723 3215 754 3282 si
769 3221 870 3283 certo
884 3221 1072 3285 constaret
1089 3215 1147 3285 vel
1164 3217 1302 3285 exalia
1320 3234 1394 3283 ma·

165 3321 339 3389 trimonio
364 3321 504 3406 uxoris,
530 3321 587 3390 vel
615 3340 664 3389 ex
692 3322 762 3390 alia
795 3322 961 3409 qualibet
993 3323 1143 3408 ratione,
1178 3325 1227 3392 uti
1252 3343 1302 3391 ex
1324 3322 1400 3391 cni·

166 3429 314 3516 rurgica
333 3429 453 3497 morbi
472 3428 507 3495 in
527 3439 631 3497 utero
648 3428 848 3515 curatione,
866 3449 965 3516 quae
981 3428 1218 3500 infecundam
1233 3429 1396 3499 effecerit

168 3554 340 3605 uxorem.
364 3535 509 3605 Etenim
534 3554 637 3604 mera
663 3537 834 3608 sterilitas
857 3556 931 3605 non
958 3541 1110 3624 exponit
1134 3539 1314 3624 coniuges
1338 3555 1397 3622 pe-

167 3643 288 3712 riculo
314 3644 609 3712 incontinentiae.
1225 3689 1227 3692 -
1419 3664 1420 3669 ¹

232 3753 288 3819 22.
314 3751 427 3837 Igitur
457 3751 631 3839 alleganti
664 3751 784 3821 solam
817 3753 1083 3839 impotentiam,
1116 3751 1396 3838 procedendum

168 3864 224 3927 est
248 3859 285 3926 in
309 3876 430 3957 causa·
452 3856 633 3927 nrtllitatia
657 3857 905 3945 matrimonii;
930 3864 965 3930 et
987 3860 1029 3944 si,
1055 3860 1145 3927 iuris
1168 3859 1298 3927 ordine
1323 3878 1400 3928 ser·

236 4128 246 4163 ¹
270 4127 427 4185 Sanchez:
451 4127 490 4184 rle
513 4137 609 4183 rnatr.
637 4126 690 4183 lib.
716 4124 748 4183 2.
773 4126 857 4201 disp.
884 4124 974 4183 XVI.

235 4224 394 4299 eorsaya
415 4226 469 4282 cit.
493 4225 625 4299 discept.
651 4223 706 4280 21.
732 4243 765 4283 a.
788 4224 842 4281 60.
868 4232 898 4281 et
919 4240 1004 4299 seqq.

235 4323 418 4380 ³Conaalt.
450 4322 524 4380 147.

236 4420 248 4458 ⁴
271 4421 306 4480 In
329 4436 401 4496 cap.
424 4436 549 4487 aeram,
571 4422 610 4479 dc
632 4437 777 4479 coniers.
802 4424 934 4496 cont'up.

234 4519 391 4579 ⁵Gauone
418 4522 620 4595 intepritatis
644 4519 697 4577 32.
726 4538 755 4595 q.
783 4521 817 4585 2,
844 4520 884 4578 alc
911 4520 1053 4578 inaliere
1081 4536 1148 4576 ›riori‹
1182 4519 1332 4593 copenda
1358 4517 1402 4575 ad

167 4624 366 4692 sterpelaam
386 4621 580 4677 castitatem.

223 4750 377 4793 Martanum.
389 4731 430 4794 ¹De
444 4754 654 4803 impedimentis.
1333 4751 1347 4790 7
