3509 5317
1375 500 1730 560 ...369—

331 637 672 706 secunda
718 637 1057 708 instantia
1107 638 1242 706 erit
1275 638 1511 707 Iudex
1542 639 2130 729 commissariuS,
2165 639 2284 708 cui
2316 659 2360 708 a
2396 638 2589 708 Sede
2622 656 2789 724 apu-

332 745 584 814 stolica
636 763 916 815 causae
962 747 1285 835 cognitio
1353 745 1801 819 demandata
1853 746 1987 830 sit,
2036 752 2107 817 et
2151 748 2279 834 qui
2328 745 2648 816 tribunal
2721 760 2781 808 ντ

332 852 913 924 iurisdictionem
962 854 1415 924 ordinariam
1461 872 1614 922 non
1665 854 1950 939 habeat,
2001 862 2070 923 et
2116 859 2509 940 propterea
2542 872 2781 923 careni

332 958 728 1030 defensore
776 962 1268 1047 matrimonii,
1318 961 1717 1046 volumus,
1770 967 1848 1030 ut
1895 961 2015 1030 illo
2085 959 2480 1030 defensore
2550 968 2785 1030 matr-i-

329 1069 562 1136 monii
613 1073 878 1154 utatur,
929 1071 1057 1155 qui
1104 1070 1551 1138 constitutus
1599 1066 1818 1137 fuerit
1862 1069 1959 1138 ab
2008 1067 2418 1154 Ordinari0‚
2466 1069 2540 1136 in
2572 1072 2785 1138 cuius

330 1175 649 1244 dioecesi
701 1194 1011 1244 causam
1061 1183 1483 1264 cognoscet,
1536 1177 1755 1247 etiam
1806 1179 1866 1244 si
1916 1176 2112 1244 idem
2180 1176 2614 1246 Ordinarius
2677 1180 2781 1248 sii„

331 1283 454 1369 qui
508 1283 830 1368 primam
880 1284 1322 1352 sententiam
1372 1284 1444 1351 in
1496 1284 1763 1353 eadem
1810 1302 2049 1352 causa
2074 1284 2693 1371 pronunciaverit.

231 1467 234 1470 Α
463 1392 508 1473 ἓ
557 1392 662 1459 11.
714 1390 1080 1459 Instructo
1127 1397 1381 1461 autem
1443 1390 1514 1457 in
1582 1391 1782 1460 hunc
1831 1390 2145 1460 modum
2197 1390 2510 1475 iudiciO,
2559 1390 2619 1459 si
2685 1412 2785 1456 su-

331 1498 584 1566 cunda
629 1500 986 1566 sententia
1038 1498 1249 1568 alteri
1295 1497 1702 1567 conformis
1752 1496 2008 1583 fuerit,
2060 1498 2198 1567 hoc
2247 1504 2400 1585 est,
2452 1500 2512 1567 si
2562 1498 2633 1565 in
2682 1520 2785 1564 sv-

330 1605 578 1672 cunda
628 1623 869 1692 aeque
900 1605 1091 1674 acin
1128 1606 1365 1692 prima
1418 1605 1703 1675 nullum
1755 1624 1847 1675 ac
1894 1607 2175 1674 irritum
2227 1606 2781 1674 matrimonium

330 1709 731 1781 iudicatum
785 1710 1019 1798 fuerit,
1071 1717 1142 1781 et
1185 1713 1284 1783 ab
1331 1731 1418 1782 ea
1467 1731 1647 1800 pars
1699 1713 1815 1783 vel
1863 1711 2215 1782 defensor
2261 1731 2399 1799 pro
2447 1732 2585 1781 sua
2622 1731 2785 1781 con—

333 1819 633 1887 scientia
683 1837 836 1886 non
884 1820 1278 1890 crediderit
1323 1819 1856 1907 appellandum
1909 1821 2027 1888 vel
2075 1818 2644 1906 appellationem
2693 1820 2785 1884 in-

330 1926 760 2011 terpositam
809 1928 1414 2014 prosequendam
1466 1928 1772 1995 minime
1819 1928 2235 2012 censuerit,
2284 1927 2356 1994 in
2428 1931 2785 2013 potestati*

331 2035 401 2099 et
446 2031 748 2100 arbitrio
794 2035 1200 2121 coniugum
1251 2035 1343 2102 sit
1389 2051 1630 2102 novas
1678 2033 1978 2119 nuptias
2046 2032 2528 2117 contrahere,
2580 2031 2785 2100 duni-

331 2139 559 2207 modo
609 2138 822 2208 alicui
895 2159 1162 2209 eorum
1203 2141 1302 2209 ob
1349 2141 1647 2228 aliquod
1722 2140 2342 2227 impedimentum
2395 2138 2510 2207 vel
2578 2139 2789 2226 legiii=

337 2264 536 2314 mam
588 2263 901 2316 causam
951 2247 1024 2316 id
1073 2248 1376 2317 vetitum
1426 2266 1579 2316 non
1630 2248 1740 2315 sit.
1793 2249 2133 2316 Potestas
2180 2251 2431 2316 tamen
2480 2250 2651 2332 post
2697 2248 2785 2316 al-

329 2355 566 2419 teram
618 2353 1062 2422 sententiam
1111 2353 1600 2441 conformem,
1652 2362 1734 2424 ut
1779 2373 2035 2441 supra,
2085 2353 2529 2440 coniugibus
2597 2349 2777 2421 faui-:1

329 2460 771 2548 intelligatur
817 2471 890 2532 et
936 2462 1183 2532 locum
1238 2463 1526 2549 habeat,
1575 2463 1787 2532 salvo
1838 2480 2142 2548 semper
2173 2466 2244 2530 et
2283 2459 2506 2528 firmo
2557 2479 2785 2529 remi-12

330 2580 552 2638 neme
601 2570 758 2639 iure
803 2589 941 2639 seu
991 2572 1369 2659 privilegio
1417 2588 1826 2640 causarum
1877 2567 2553 2653 matrimonialium,
2589 2586 2781 2654 quai·-

330 2677 426 2744 oh
474 2677 1021 2766 cuiuscumque
1073 2679 1431 2765 temporis
1478 2678 1779 2765 lapsum
1828 2695 2218 2764 nunquam
2270 2681 2656 2746 transeunt
2717 2676 2781 2742 iu

329 2800 492 2850 rem
542 2783 983 2871 iudicatam3
1035 2784 1170 2855 sed
1218 2785 1282 2853 si
1331 2803 1525 2855 nova
1579 2804 1741 2870 res,
1793 2803 1989 2871 quae
2060 2800 2208 2851 non
2282 2782 2598 2851 deducta
2673 2784 2781 2848 ννΙ

328 2889 670 2976 ignorata
713 2888 947 2977 fuerit,
999 2893 1407 2980 detegatur,
1460 2892 1741 2961 resumi
1793 2896 2129 2978 possunt,
2161 2894 2233 2958 et
2280 2907 2548 2957 rursus
2578 2889 2650 2956 in
2689 2892 2789 2956 in-

327 2998 666 3068 dicialem
716 3000 1297 3070 controversiam
1350 3001 1705 3069 revocari.
1756 2997 1973 3079 Quod
2022 2997 2087 3065 si
2132 3017 2174 3066 a
2224 2995 2558 3066 secunda
2620 3014 2781 3064 seu-

329 3107 549 3176 tentia
599 3126 830 3194 super
876 3107 1205 3177 nullitate
1256 3107 1371 3176 vel
1420 3107 1650 3175 altera
1700 3125 1881 3193 pars
1929 3104 2443 3193 appellaverit,
2496 3103 2612 3172 vel
2661 3103 2785 3170 hn-

328 3213 652 3282 iusmodi
718 3214 838 3299 sit,
888 3220 970 3283 ut
1014 3216 1078 3284 ei
1124 3215 1333 3284 salva
1383 3215 1877 3301 conscientia,
1928 3210 2278 3283 defensor
2343 3212 2781 3281 matrimonii

326 3322 963 3409 acquiescendum
1011 3342 1160 3392 non
1210 3330 1436 3409 putet,
1488 3321 1605 3391 vel
1653 3322 1828 3409 quia
1876 3321 2013 3389 sibi
2063 3320 2353 3388 videtur
2401 3316 2784 3387 manifesti.⁴¹>

329 3430 597 3499 iniusta
646 3431 764 3498 vel
810 3430 1151 3517 invalida,
1195 3430 1318 3504 ¹vel
1368 3431 1537 3518 quia
1589 3427 1806 3498 fuerit
1852 3429 1995 3498 lata
2045 3428 2117 3495 in
2166 3427 2373 3496 tertia
2421 3428 2781 3508 instantia,

328 3548 402 3607 et
444 3536 538 3605 sit
587 3538 1046 3607 revocatoria
1093 3538 1396 3607 alterius
1445 3537 1960 3625 praecedentis
2006 3553 2239 3622 super
2285 3533 2656 3604 validitate
2717 3536 2777 3600 in

328 3644 659 3714 secunda
710 3645 1056 3714 instantia
1101 3655 1515 3730 emanatae‚
1566 3644 1947 3729 volumus,
1987 3653 2063 3711 ut
2091 3641 2315 3711 firma
2352 3648 2781 3711 remanetur.-

329 3752 626 3838 utrique
696 3751 992 3839 coniugi
1061 3750 1555 3837 prohibitione
1602 3750 1699 3819 ad
1746 3751 1933 3819 alias
1980 3749 2416 3818 transeundi
2463 3748 2781 3835 nuptia-⁴²⁴⁴.

327 3874 521 3942 quas
567 3857 631 3925 si
679 3857 1116 3927 contrahere
1166 3857 1329 3925 ausi
1378 3854 1689 3940 fuerint,
1741 3856 2046 3943 poenis,
2097 3861 2177 3924 ut
2237 3853 2689 3942 praefertur,
2745 3880 2777 3916 η

327 3962 559 4031 Nobis
605 3964 1019 4032 constitutis
1066 3963 1383 4032 subesse
1430 3962 1911 4032 decernimus
1938 4016 1955 4048 ,
2006 3981 2239 4032 causa
2287 3962 2361 4029 in
2411 3961 2617 4030 tertia
2673 3968 2777 4028 vul

327 4075 595 4157 quarta
643 4071 984 4140 instantia
1033 4074 1550 4158 cognoscatur,
1601 4070 1918 4139 servatis
1965 4068 2348 4156 diligenter
2408 4067 2777 4142 omnibus„

327 4197 524 4264 quae
571 4197 615 4247 a
663 4177 895 4247 Nobis
942 4179 1014 4246 in
1079 4179 1317 4266 prima
1382 4184 1453 4247 et
1512 4176 1848 4246 secunda
1918 4176 2257 4248 instantia
2334 4173 2773 4244 demandam

325 4284 669 4371 fuerunt,
718 4303 992 4372 nempe
1041 4287 1110 4352 in
1159 4285 1487 4372 quolibet
1536 4283 1852 4353 iudiciali
1899 4289 2069 4353 actu
2116 4283 2332 4352 citato
2393 4290 2466 4351 et
2533 4281 2781 4351 audilis

326 4391 723 4462 defensore
770 4392 1237 4477 matrimonii,
1287 4391 1414 4478 qui
1462 4411 1503 4460 a
1556 4391 1804 4460 Iudice
1852 4391 2107 4460 tertiae
2140 4390 2529 4459 instantiae
2561 4389 2777 4476 depu-

327 4508 526 4571 tatus
571 4498 807 4569 fuerit.

486 4751 795 4795 MANSELLA.
827 4752 898 4793 De
927 4751 1347 4806 Impedimentis.
2572 4746 2625 4787 24
