3509 5317
1747 503 2053 563 ..12-

681 647 930 711 amiur.
977 679 1023 689 —
1086 638 1324 710 Tertio
1369 640 1694 725 tandem,
1744 641 1923 728 quia
1969 639 2042 707 hi
2090 637 2325 724 (surdi
2373 639 2596 708 simui
2656 647 2729 710 et
2774 640 2988 726 muti)
3022 660 3138 712 se-

681 748 1012 817 cundum
1062 764 1330 816 omnes
1376 754 1698 835 possunt
1742 745 2077 816 confiteri
2126 752 2195 815 et
2240 746 2565 832 absolvi3
2616 765 2800 835 ergo
2848 751 2920 817 et
2964 766 3140 817 con-

681 855 970 924 trahere
1016 854 1579 923 matrimonium
1635 852 1678 921 ¹.

809 961 873 1029 4.
925 962 1112 1043 Quid
1160 962 1342 1030 iuris
1389 966 1639 1031 autem
1690 961 1749 1029 si
1800 959 2255 1029 contrahens
2303 960 2864 1029 matrimonium
2912 962 3008 1031 sit
3048 962 3140 1030 si-

685 1069 838 1139 mul
869 1072 1154 1153 mutas,
1204 1066 1485 1137 sardus
1532 1071 1605 1135 et
1650 1085 1915 1136 caecus
1948 1085 1991 1135 a
2025 1066 2440 1137 nativitate?
2472 1100 2517 1116 -
2551 1065 2756 1135 idem
2791 1066 3129 1137 Sanchez

681 1180 891 1260 tonet,
941 1175 1143 1244 hunc
1188 1193 1339 1243 non
1390 1191 1615 1260 posse
1663 1174 2227 1244 matrimonium
2276 1173 2479 1258 inire,
2514 1172 2868 1261 quamvis
2901 1191 3050 1241 non
3090 1194 3131 1242 a

681 1291 964 1366 nutura,
1011 1281 1148 1350 sed
1195 1298 1380 1350 casu
1427 1286 1499 1350 et
1546 1290 1807 1350 mutus
1851 1285 1922 1348 et
1970 1278 2254 1348 surdus
2322 1285 2397 1348 et
2453 1291 2728 1347 caecus
2790 1280 3129 1365 evaserit,

681 1386 814 1455 miei
861 1394 1267 1475 antequam
1316 1388 1388 1456 in
1439 1387 1627 1457 haec
1673 1387 2024 1478 incideret
2070 1393 2328 1456 nosset
2391 1385 2570 1473 quid
2632 1394 2837 1456 esset
2892 1388 3137 1457 matri-

685 1496 1040 1565 monium.
1087 1498 1178 1565 Et
1221 1497 1419 1565 idem
1481 1495 1885 1566 dicendum
1957 1496 2051 1565 de
2098 1514 2189 1565 eo
2258 1495 2385 1584 qui
2450 1496 2735 1565 surdus
2794 1497 3016 1566 simul
3066 1504 3139 1567 et

681 1621 950 1673 rfaecus
996 1622 1044 1673 a
1091 1603 1461 1673 nativitate
1508 1604 1626 1689 sit;
1681 1621 1928 1690 neque
1974 1604 2174 1671 enim
2239 1608 2481 1690 potest
2524 1610 2655 1673 aut
2703 1604 2935 1674 verba
3005 1624 3137 1675 au·

681 1711 835 1780 „lire
880 1728 1053 1780 cum
1104 1712 1196 1779 sit
1240 1709 1542 1796 sur-due,
1591 1717 1722 1779 aut
1766 1709 1903 1779 alia
1955 1710 2171 1797 signa
2218 1709 2600 1797 percipere
2647 1728 2824 1779 curn
2858 1710 2951 1779 sit
2978 1727 3139 1780 cae·

681 1839 835 1903 isne,
884 1823 1106 1905 atque
1152 1817 1363 1902 adeO,
1410 1818 1589 1904 quid
1637 1818 1738 1885 sit.
1779 1817 2340 1886 matrimonium
2368 1816 2661 1887 edoceri
2689 1836 2838 1886 non
2874 1823 3135 1905 potest,

681 1926 820 1995 niei
864 1924 1050 1995 forte
1097 1943 1291 1995 nova
1342 1924 1673 2012 quadam
1722 1930 1878 1994 arte
1926 1923 2200 1994 erudiri
2247 1928 2321 1993 et
2364 1923 2614 1993 doceri
2669 1930 2892 2012 queat
2942 1922 2985 1991 ².

1545 2183 2092 2254 ARTICULUS
2145 2183 2265 2250 IV.

1330 2375 1415 2442 De
1465 2374 1885 2459 impedimento
1930 2391 2002 2442 ex
2048 2375 2100 2442 vi
2145 2391 2257 2443 seu
2312 2381 2496 2442 metu.

819 2572 878 2637 1.
915 2568 1191 2638 Valo're
1215 2573 1420 2638 caret
1454 2568 2034 2653 matrimonium,
2068 2566 2268 2654 quod
2308 2564 2379 2635 oi
2408 2567 2755 2653 adhibita,
2792 2566 3145 2655 illatoque

677 2674 902 2763 51:²an
930 2684 1126 2744 meta
1158 2674 1375 2744 fuerit
1406 2680 1894 2746 contractum.
1922 2673 2110 2743 Cum
2145 2673 2342 2743 enim
2381 2674 2491 2743 vis
2521 2674 2631 2759 sit,
2669 2675 2877 2744 iuxta
2913 2675 3136 2761 legeS,

681 2781 991 2852 iunioris
1037 2781 1155 2851 rel
1194 2781 1515 2872 impetus
1558 2780 1692 2871 qai
1733 2779 1999 2870 repelli
2040 2798 2189 2849 non
2231 2784 2480 2869 potest
2528 2778 2574 2867 ⁸,
2623 2781 2999 2868 sequitur,
3060 2787 3142 2849 ut

681 2891 805 2975 qui
853 2908 953 2958 ex
1000 2890 1071 2957 vi
1119 2888 1606 2976 agit‚‚invitus
1653 2892 1827 2976 agat
1871 2892 1943 2957 et
1988 2906 2139 2955 non
2193 2886 2438 2973 libere,
2487 2904 2723 2974 seque
2770 2892 3133 2973 tanquam

685 2999 1262 3064 inetrumentum
1334 2994 1625 3083 habeat,
1695 2995 2014 3081 ideoque
2078 2995 2152 3062 in
2214 2994 2583 3063 actionem
2646 2994 2850 3063 nullo
2923 3001 3142 3081 pacto

681 3102 1110 3171 consentiat.

811 3214 875 3279 2.
926 3210 1175 3279 Metus
1223 3215 1474 3280 autem
1548 3229 1595 3280 a
1650 3212 1812 3280 iure
1874 3209 2242 3297 definitur,
2308 3208 2659 3281 instantis
2724 3211 2836 3281 vel
2896 3211 3152 3300 futuri

681 3316 993 3407 sericati
1045 3337 1283 3386 causa
1352 3315 1619 3386 mentis
1690 3316 2093 3406 trepidatio
2134 3316 2182 3386 ⁸.
2248 3320 2516 3389 Gravis
2578 3320 2842 3390 dicitur
2899 3326 3147 3390 metus

681 3427 808 3511 qui
857 3422 1063 3494 cadit
1109 3423 1184 3492 in
1231 3427 1698 3493 constantem
1749 3423 2026 3511 virum,
2080 3426 2447 3494 eiusmodi
2483 3445 2779 3515 nempe,
2808 3433 2885 3497 ut
2917 3426 3148 3495 homi-

689 3551 855 3600 nem
903 3533 1330 3620 ceteroquin
1369 3532 1632 3601 virtute
1660 3533 2081 3619 praeditum
2116 3535 2630 3622 propositique
2658 3542 2994 3605 tenacem
3025 3555 3145 3605 va·

689 3643 833 3731 neat
871 3641 1283 3711 notabiliter
1329 3658 1848 3726 commovere,
1899 3646 1977 3709 ut
2021 3658 2198 3710 cum
2270 3643 2593 3722 continet
2655 3644 2915 3713 mortis
2962 3646 3149 3730 peri-

685 3747 959 3833 culum,
1008 3747 1346 3833 corporis
1391 3747 1827 3816 cruciatum.

817 3854 1049 3921 Porro
1098 3860 1345 3922 metue
1391 3854 1879 3940 quantumvis
1940 3856 2195 3943 gravis
2258 3855 2667 3925 libertatem
2737 3875 2886 3925 non
2946 3856 3145 3942 tollit,

689 3959 821 4027 miei
867 3959 1325 4046 quandoque
1374 3959 1676 4029 rationis
1723 3959 2014 4031 auferat
2067 3963 2528 4031 exercitium.
2612 3964 2801 4032 Hinc
2863 3968 2997 4046 est,
3070 3968 3150 4034 ut

818 4216 837 4254 ¹
883 4215 1160 4277 Sanchez
1207 4216 1322 4275 loc.
1369 4218 1475 4275 cic.
1521 4237 1591 4277 n.
1645 4217 1758 4278 12.

814 4313 840 4351 ²
882 4313 1012 4373 cfr.
1065 4313 1340 4373 Sanchez
1388 4315 1503 4375 loc.
1552 4317 1664 4375 cit.
1715 4334 1786 4375 n.
1841 4315 1957 4377 13.

815 4413 839 4450 ⁸
880 4412 1033 4490 Ley.
1069 4411 1133 4472 2.
1167 4412 1244 4471 D.
1301 4411 1401 4490 (de
1446 4412 1545 4492 eo)
1588 4414 1761 4491 quod
1804 4422 2013 4473 metus
2071 4432 2277 4474 causa
2325 4424 2581 4493 yet-tum
2626 4418 2751 4476 erit
2800 4416 3144 4495 (Digestor.

693 4515 797 4571 ista.
845 4510 909 4569 4.
959 4513 1056 4570 tit.
1105 4509 1198 4590 2).

818 4610 842 4647 ⁴
885 4610 1037 4685 Ley.
1093 4612 1153 4670 1.
1200 4609 1280 4669 D.
1319 4610 1465 4669 eod.
