3509 5317
697 482 876 543 -441-

240 623 295 691 49.
320 620 386 689 His
410 620 587 689 omnibus
610 624 784 690 accurate
806 623 983 708 peractis,
1008 621 1037 691 si
1063 622 1188 691 omnia
1214 621 1262 691 ad
1286 638 1405 691 asser·

175 733 250 799 tam
264 727 516 815 impotentiam
531 727 764 815 probandam
782 729 1087 816 conspiraverint,
1105 728 1323 798 Ordinarius
1336 747 1404 817 pro

174 836 397 907 matrimonii
422 834 587 905 nullitate
617 834 811 921 iudicabit;
840 837 897 905 sin
921 830 1048 907 adhuc
1071 836 1228 906 dubium
1252 834 1404 923 aliquod

175 943 367 1031 supererit,
392 964 414 1013 a
437 944 618 1013 sententia
644 940 865 1030 proferenda
884 943 1089 1030 abstinebit,
1114 948 1150 1012 et
1173 956 1294 1013 novas
1320 942 1408 1013 ulte·

175 1050 369 1138 rioresque
398 1050 701 1138 investigationes
731 1050 977 1121 instituendas
1008 1051 1228 1139 praecipiet;
1253 1051 1404 1138 quassi

175 1158 269 1227 inire
292 1157 521 1244 impossibile
544 1156 662 1245 fuerit,
687 1165 751 1228 aut
766 1158 797 1228 si
823 1158 880 1227 bis
897 1179 972 1228 non
989 1158 1224 1229 obstantibus
1247 1157 1404 1227 dubium

176 1282 329 1351 semper
351 1267 583 1352 remanserit
607 1272 672 1335 aut
687 1267 719 1335 si
736 1265 783 1335 de
798 1266 1036 1336 matrimonio
1052 1284 1127 1334 non
1141 1254 1405 1335 consummato

175 1370 383 1451 dumtaxat,
408 1373 561 1447 minime
585 1392 675 1442 vero
699 1372 747 1443 de
765 1371 980 1443 alterutrius
1001 1373 1214 1461 impotentia
1239 1372 1406 1442 constite

166 1479 231 1565 rit,
256 1497 326 1551 nec
342 1481 521 1568 coniuges
537 1481 765 1551 reconciliari
781 1486 930 1568 queant,
947 1482 1087 1569 integra
1103 1499 1219 1551 causa
1232 1480 1279 1549 ad
1299 1481 1334 1550 S.
1346 1480 1406 1551 Se

175 1586 261 1656 dem
285 1588 566 1674 transmittatur,
591 1590 699 1659 cuius
723 1591 790 1658 erit
812 1595 1023 1676 opportune
1053 1589 1260 1677 providere.

521 1802 795 1872 ADNOTATIO
819 1801 1060 1872 SPECIALlS

284 1961 330 2030 dc
353 1932 616 2052 impedimento
644 1961 727 2032 Voti
747 1961 921 2031 solemnis
945 1967 981 2031 et
1005 1960 1154 2031 Ordinis
1179 1962 1294 2032 Sacri.
1359 2069 1361 2071 -

244 2124 395 2205 Quoties
407 2127 598 2195 tractanda
616 2126 818 2197 occurrerit
833 2144 949 2195 causa
968 2125 1261 2210 matrimonialis,
1278 2127 1314 2193 in
1331 2144 1404 2213 qua

176 2230 223 2300 de
248 2231 513 2318 impedimento
540 2234 720 2302 solemnis
755 2234 827 2319 voti
855 2233 1031 2304 castitatis
1056 2232 1113 2302 vel
1139 2232 1285 2302 Ordinis
1310 2234 1406 2302 sacri

179 2355 266 2407 cunr
292 2340 441 2408 adnexa
472 2340 647 2411 castitatis
671 2341 752 2427 lege
784 2347 928 2429 agatur,
952 2359 996 2411 ea
1028 2340 1180 2428 integra,
1213 2346 1298 2427 post
1326 2357 1408 2427 pro·

180 2462 333 2515 cessum
348 2444 643 2517 informatorium
662 2450 711 2519 ad
726 2449 938 2518 necessaria
957 2447 1183 2517 documenta
1208 2452 1243 2517 et
1266 2447 1407 2516 motiva

176 2551 382 2641 colligenda
402 2553 617 2641 institutum,
643 2574 664 2625 a
689 2557 797 2624 Rmis
814 2555 1036 2626 Patriarcbls
1052 2554 1181 2624 aliisve
1205 2554 1408 2623 Ordinariis

176 2658 223 2729 ad
248 2659 385 2730 Sedem
409 2661 662 2748 apostolicam
686 2659 883 2733 deleratur.

758 2875 822 2944 Xl.

324 3030 484 3100 instructio
506 3029 542 3098 S.
566 3031 599 3098 0.
625 3031 811 3133 Propino
834 3033 870 3101 de
894 3033 1009 3102 iudiciis
1033 3032 1260 3101 aeclesiasticis

541 3133 626 3201 circa
648 3151 781 3202 caussas
804 3134 1052 3202 matrimoniales.

244 3309 266 3391 ς
289 3310 320 3377 1.
344 3309 510 3378 Caussae
533 3308 827 3378 matrimoniales
850 3308 899 3378 ad
922 3309 1084 3377 iudicem
1114 3307 1408 3379 ecclesiasticum

178 3416 356 3500 spectant
381 3413 441 3483 cui
463 3414 532 3483 soli
556 3414 732 3500 competit
754 3414 801 3482 de
825 3412 1011 3483 validitate
1028 3414 1252 3483 matrimonii
1272 3418 1308 3482 et
1324 3413 1410 3482 obli·

177 3521 387 3609 gationibus
410 3541 459 3591 ex
483 3521 617 3592 eodem
642 3521 899 3591 derivantlbus
922 3522 1144 3590 sententiam
1161 3518 1267 3591 ferre.
1295 3525 1347 3591 De
1364 3521 1411 3591 ef-

178 3625 332 3699 lectibus
355 3629 579 3700 matrimonii
601 3647 704 3698 mere
728 3627 897 3697 civilibus
921 3633 1088 3715 potestas
1110 3627 1228 3697 civilis
1262 3628 1408 3698 iudicat.

244 3737 266 3819 ς
288 3738 321 3804 2.
345 3736 532 3825 Coniuges
555 3736 590 3804 in
616 3735 762 3806 caussis
787 3734 1121 3805 matrimonialibus
1145 3735 1308 3805 subsunt
1330 3738 1410 3824 Epi-

178 3861 294 3931 scopo
318 3845 353 3911 in
379 3843 487 3913 cuius
509 3844 670 3914 dioecesi
695 3846 851 3912 maritus
875 3842 1104 3912 domicilium
1135 3843 1257 3912 habet.
1296 3846 1411 3915 Exce

179 3951 290 4038 ptioni
316 3950 423 4020 locus
445 3952 555 4033 estsi
578 3951 787 4040 coniugale.
802 3951 895 4021 vitae
919 3951 1149 4019 consortium
1173 3956 1238 4020 aut
1262 3969 1330 4038 per
1356 3970 1410 4020 se·

179 4060 409 4146 parationem
433 4079 455 4129 a
479 4059 587 4128 thoro
610 4068 647 4128 et
671 4076 811 4141 mensa,
836 4069 902 4128 aut
924 4076 991 4144 per
1025 4058 1274 4128 desertionem
1312 4059 1412 4127 mali-

180 4167 312 4237 tiosam
337 4186 361 4235 a
384 4166 518 4236 marito
541 4171 725 4253 patratam
750 4164 942 4234 sublatum
967 4165 1023 4235 sit.
1048 4164 1164 4233 Priori
1188 4183 1281 4235 casu
1301 4183 1411 4252 quae·

181 4273 266 4342 libet
288 4291 377 4360 pars
402 4274 461 4341 ius
483 4271 681 4341 accusandi
706 4276 834 4342 contra
860 4271 1015 4342 alteram
1033 4273 1103 4360 ipsi
1119 4281 1338 4360 competens
1354 4289 1412 4340 co·

61 4463 66 4473 ι
181 4399 262 4450 ram
287 4381 471 4467 Episcopo
496 4380 687 4464 dioecesis,
713 4379 774 4448 ubi
800 4380 938 4451 haecce
961 4379 1189 4449 domicilium
1215 4380 1412 4466 habetex·

179 4501 306 4558 erdere
329 4486 449 4556 debet.
474 4486 671 4556 Posteriori
693 4504 785 4555 casu
812 4504 910 4555 uxor
933 4486 1034 4573 apud
1058 4487 1298 4576 Episcopum,
1315 4488 1410 4557 intra

64 4654 72 4666 .
180 4593 289 4662 cuius
311 4592 512 4664 dioecesim
536 4591 762 4662 domicilium
788 4592 871 4662 eiua
894 4593 1006 4665 situm
1041 4602 1108 4680 est,
1143 4595 1326 4666 actionem
1363 4594 1413 4662 in·
