<?xml version="1.0" encoding="UTF-8"?>
<!DOCTYPE html PUBLIC "-//W3C//DTD XHTML 1.0 Transitional//EN"
    "http://www.w3.org/TR/xhtml1/DTD/xhtml1-transitional.dtd">
<html xmlns="http://www.w3.org/1999/xhtml" xml:lang="en" lang="en">
 <head>
  <title>
</title>
<meta http-equiv="Content-Type" content="text/html;charset=utf-8" />
  <meta name='ocr-system' content='tesseract 3.04.00' />
  <meta name='ocr-capabilities' content='ocr_page ocr_carea ocr_par ocr_line ocrx_word'/>
</head>
<body>
  <div class='ocr_page' id='page_1' title='image "./decausismatrimo00mansgoog_0032.png"; bbox 0 0 3509 5317; ppageno 0'>
   <div class='ocr_carea' id='block_1_1' title="bbox 1727 515 2045 575">
    <p class='ocr_par' dir='ltr' id='par_1_1' title="bbox 1727 515 2045 575">
     <span class='ocr_line' id='line_1_1' title="bbox 1727 515 2045 575; baseline -0.003 -12"><span class='ocrx_word' id='word_1_1' title='bbox 1727 515 2045 575; x_wconf 81' lang='lat'>...18—</span> 
     </span>
    </p>
   </div>
   <div class='ocr_carea' id='block_1_2' title="bbox 655 649 3136 3423">
    <p class='ocr_par' dir='ltr' id='par_1_2' title="bbox 655 649 3136 3423">
     <span class='ocr_line' id='line_1_2' title="bbox 655 649 3119 741; baseline -0 -22"><span class='ocrx_word' id='word_1_2' title='bbox 655 650 1061 739; x_wconf 82' lang='lat' dir='ltr'>peritorum</span> <span class='ocrx_word' id='word_1_3' title='bbox 1115 651 1540 740; x_wconf 81' lang='lat' dir='ltr'>sententiae,</span> <span class='ocrx_word' id='word_1_4' title='bbox 1588 651 1743 721; x_wconf 90' lang='lat' dir='ltr'>duo</span> <span class='ocrx_word' id='word_1_5' title='bbox 1790 651 2140 741; x_wconf 82' lang='lat' dir='ltr'>distingui</span> <span class='ocrx_word' id='word_1_6' title='bbox 2174 650 2451 720; x_wconf 91' lang='lat' dir='ltr'>debent</span> <span class='ocrx_word' id='word_1_7' title='bbox 2481 668 2712 720; x_wconf 89' lang='lat' dir='ltr'>casus</span> <span class='ocrx_word' id='word_1_8' title='bbox 2742 649 3119 719; x_wconf 88' lang='lat' dir='ltr'>abductio·</span> 
     </span>
     <span class='ocr_line' id='line_1_3' title="bbox 661 753 3122 848; baseline 0.001 -28"><span class='ocrx_word' id='word_1_9' title='bbox 661 759 777 823; x_wconf 73' lang='lat' dir='ltr'>nis</span> <span class='ocrx_word' id='word_1_10' title='bbox 821 756 1157 828; x_wconf 91' lang='lat' dir='ltr'>mulieris</span> <span class='ocrx_word' id='word_1_11' title='bbox 1202 759 1273 826; x_wconf 92' lang='lat' dir='ltr'>in</span> <span class='ocrx_word' id='word_1_12' title='bbox 1325 759 1442 829; x_wconf 92' lang='lat' dir='ltr'>sui</span> <span class='ocrx_word' id='word_1_13' title='bbox 1492 764 1792 848; x_wconf 89' lang='lat' dir='ltr'>raptum</span> <span class='ocrx_word' id='word_1_14' title='bbox 1840 759 2388 829; x_wconf 88' lang='lat' dir='ltr'>consentientis.</span> <span class='ocrx_word' id='word_1_15' title='bbox 2437 756 2575 826; x_wconf 92' lang='lat' dir='ltr'>Vel</span> <span class='ocrx_word' id='word_1_16' title='bbox 2624 757 2823 825; x_wconf 88' lang='lat' dir='ltr'>enim</span> <span class='ocrx_word' id='word_1_17' title='bbox 2867 753 3122 845; x_wconf 72' lang='lat' dir='ltr'>primo</span> 
     </span>
     <span class='ocr_line' id='line_1_4' title="bbox 657 863 3125 954; baseline -0 -23"><span class='ocrx_word' id='word_1_18' title='bbox 657 870 1014 935; x_wconf 74' lang='lat' dir='ltr'>tractatus</span> <span class='ocrx_word' id='word_1_19' title='bbox 1061 864 1154 935; x_wconf 91' lang='lat' dir='ltr'>de</span> <span class='ocrx_word' id='word_1_20' title='bbox 1202 865 1476 954; x_wconf 89' lang='lat' dir='ltr'>nuptiis</span> <span class='ocrx_word' id='word_1_21' title='bbox 1520 885 1695 936; x_wconf 89' lang='lat' dir='ltr'>curn</span> <span class='ocrx_word' id='word_1_22' title='bbox 1750 876 2053 954; x_wconf 90' lang='lat' dir='ltr'>raptore</span> <span class='ocrx_word' id='word_1_23' title='bbox 2096 864 2523 952; x_wconf 78' lang='lat' dir='ltr'>praecessit,</span> <span class='ocrx_word' id='word_1_24' title='bbox 2572 881 2663 934; x_wconf 89' lang='lat' dir='ltr'>ac</span> <span class='ocrx_word' id='word_1_25' title='bbox 2709 863 2975 932; x_wconf 89' lang='lat' dir='ltr'>mulier</span> <span class='ocrx_word' id='word_1_26' title='bbox 3044 863 3125 930; x_wconf 88' lang='lat' dir='ltr'>in·</span> 
     </span>
     <span class='ocr_line' id='line_1_5' title="bbox 661 971 3119 1062; baseline 0.001 -24"><span class='ocrx_word' id='word_1_27' title='bbox 661 971 773 1039; x_wconf 58' lang='lat' dir='ltr'>sui</span> <span class='ocrx_word' id='word_1_28' title='bbox 820 973 1345 1045; x_wconf 90' lang='lat' dir='ltr'>abductionem</span> <span class='ocrx_word' id='word_1_29' title='bbox 1395 974 1781 1062; x_wconf 82' lang='lat' dir='ltr'>consentit,</span> <span class='ocrx_word' id='word_1_30' title='bbox 1831 978 1913 1044; x_wconf 89' lang='lat' dir='ltr'>ut</span> <span class='ocrx_word' id='word_1_31' title='bbox 1958 974 2120 1042; x_wconf 90' lang='lat' dir='ltr'>iniri</span> <span class='ocrx_word' id='word_1_32' title='bbox 2167 979 2391 1061; x_wconf 81' lang='lat' dir='ltr'>queat</span> <span class='ocrx_word' id='word_1_33' title='bbox 2422 971 2877 1061; x_wconf 83' lang='lat' dir='ltr'>coniugium,</span> <span class='ocrx_word' id='word_1_34' title='bbox 2912 972 3119 1059; x_wconf 90' lang='lat' dir='ltr'>quod</span> 
     </span>
     <span class='ocr_line' id='line_1_6' title="bbox 661 1079 3122 1169; baseline -0 -22"><span class='ocrx_word' id='word_1_35' title='bbox 661 1099 881 1151; x_wconf 62' lang='lat' dir='ltr'>secus</span> <span class='ocrx_word' id='word_1_36' title='bbox 929 1101 970 1151; x_wconf 92' lang='lat' dir='ltr'>a</span> <span class='ocrx_word' id='word_1_37' title='bbox 1022 1082 1474 1169; x_wconf 90' lang='lat' dir='ltr'>parentibus,</span> <span class='ocrx_word' id='word_1_38' title='bbox 1544 1082 1913 1151; x_wconf 90' lang='lat' dir='ltr'>tutoribus</span> <span class='ocrx_word' id='word_1_39' title='bbox 1981 1081 2099 1151; x_wconf 89' lang='lat' dir='ltr'>vel</span> <span class='ocrx_word' id='word_1_40' title='bbox 2165 1080 2325 1150; x_wconf 86' lang='lat' dir='ltr'>aliis</span> <span class='ocrx_word' id='word_1_41' title='bbox 2394 1079 2976 1168; x_wconf 79' lang='lat' dir='ltr'>impediebatur:</span> <span class='ocrx_word' id='word_1_42' title='bbox 3048 1089 3122 1147; x_wconf 87' lang='lat' dir='ltr'>et</span> 
     </span>
     <span class='ocr_line' id='line_1_7' title="bbox 661 1185 3119 1277; baseline 0 -25"><span class='ocrx_word' id='word_1_43' title='bbox 661 1195 833 1257; x_wconf 76' lang='lat' dir='ltr'>tunc</span> <span class='ocrx_word' id='word_1_44' title='bbox 879 1188 1169 1258; x_wconf 90' lang='lat' dir='ltr'>nullum</span> <span class='ocrx_word' id='word_1_45' title='bbox 1220 1189 1454 1258; x_wconf 90' lang='lat' dir='ltr'>oritur</span> <span class='ocrx_word' id='word_1_46' title='bbox 1499 1189 2146 1277; x_wconf 88' lang='lat' dir='ltr'>impedimentum,</span> <span class='ocrx_word' id='word_1_47' title='bbox 2195 1206 2372 1257; x_wconf 91' lang='lat' dir='ltr'>cum</span> <span class='ocrx_word' id='word_1_48' title='bbox 2422 1188 2669 1275; x_wconf 89' lang='lat' dir='ltr'>potius</span> <span class='ocrx_word' id='word_1_49' title='bbox 2701 1185 2902 1275; x_wconf 70' lang='lat' dir='ltr'>fuya</span> <span class='ocrx_word' id='word_1_50' title='bbox 2946 1204 3119 1255; x_wconf 82' lang='lat' dir='ltr'>cum</span> 
     </span>
     <span class='ocr_line' id='line_1_8' title="bbox 661 1292 3120 1378; baseline -0.001 -15"><span class='ocrx_word' id='word_1_51' title='bbox 661 1295 820 1364; x_wconf 62' lang='lat' dir='ltr'>viro</span> <span class='ocrx_word' id='word_1_52' title='bbox 868 1296 1006 1366; x_wconf 86' lang='lat' dir='ltr'>dici</span> <span class='ocrx_word' id='word_1_53' title='bbox 1054 1297 1324 1367; x_wconf 88' lang='lat' dir='ltr'>debeat</span> <span class='ocrx_word' id='word_1_54' title='bbox 1391 1295 1488 1366; x_wconf 93' lang='lat' dir='ltr'>ad</span> <span class='ocrx_word' id='word_1_55' title='bbox 1559 1295 2122 1366; x_wconf 77' lang='lat' dir='ltr'>matrimonium</span> <span class='ocrx_word' id='word_1_56' title='bbox 2199 1294 2424 1364; x_wconf 87' lang='lat' dir='ltr'>libere</span> <span class='ocrx_word' id='word_1_57' title='bbox 2496 1292 3120 1378; x_wconf 88' lang='lat' dir='ltr'>contrahendum,</span> 
     </span>
     <span class='ocr_line' id='line_1_9' title="bbox 657 1400 3119 1492; baseline -0.001 -21"><span class='ocrx_word' id='word_1_58' title='bbox 657 1422 887 1488; x_wconf 70' lang='lat' dir='ltr'>quam</span> <span class='ocrx_word' id='word_1_59' title='bbox 936 1412 1240 1492; x_wconf 88' lang='lat' dir='ltr'>raptus:</span> <span class='ocrx_word' id='word_1_60' title='bbox 1289 1408 1361 1473; x_wconf 92' lang='lat' dir='ltr'>et</span> <span class='ocrx_word' id='word_1_61' title='bbox 1405 1403 1468 1473; x_wconf 91' lang='lat' dir='ltr'>si</span> <span class='ocrx_word' id='word_1_62' title='bbox 1514 1408 1812 1490; x_wconf 89' lang='lat' dir='ltr'>raptum</span> <span class='ocrx_word' id='word_1_63' title='bbox 1864 1402 2112 1471; x_wconf 86' lang='lat' dir='ltr'>dicere</span> <span class='ocrx_word' id='word_1_64' title='bbox 2180 1402 2407 1487; x_wconf 90' lang='lat' dir='ltr'>velis,</span> <span class='ocrx_word' id='word_1_65' title='bbox 2478 1401 2642 1470; x_wconf 92' lang='lat' dir='ltr'>iure</span> <span class='ocrx_word' id='word_1_66' title='bbox 2708 1400 3119 1485; x_wconf 89' lang='lat' dir='ltr'>communi,</span> 
     </span>
     <span class='ocr_line' id='line_1_10' title="bbox 657 1508 3121 1598; baseline 0.001 -24"><span class='ocrx_word' id='word_1_67' title='bbox 657 1511 757 1579; x_wconf 64' lang='lat' dir='ltr'>nit</span> <span class='ocrx_word' id='word_1_68' title='bbox 800 1509 1156 1596; x_wconf 88' lang='lat' dir='ltr'>Sanchez,</span> <span class='ocrx_word' id='word_1_69' title='bbox 1208 1514 1468 1598; x_wconf 90' lang='lat' dir='ltr'>raptus</span> <span class='ocrx_word' id='word_1_70' title='bbox 1517 1510 1634 1579; x_wconf 89' lang='lat' dir='ltr'>hic</span> <span class='ocrx_word' id='word_1_71' title='bbox 1681 1530 1723 1579; x_wconf 97' lang='lat' dir='ltr'>a</span> <span class='ocrx_word' id='word_1_72' title='bbox 1775 1510 2036 1597; x_wconf 90' lang='lat' dir='ltr'>poenis</span> <span class='ocrx_word' id='word_1_73' title='bbox 2085 1509 2472 1598; x_wconf 89' lang='lat' dir='ltr'>liberatur,</span> <span class='ocrx_word' id='word_1_74' title='bbox 2517 1514 2592 1579; x_wconf 92' lang='lat' dir='ltr'>et</span> <span class='ocrx_word' id='word_1_75' title='bbox 2658 1510 2824 1578; x_wconf 91' lang='lat' dir='ltr'>ideo</span> <span class='ocrx_word' id='word_1_76' title='bbox 2894 1508 3121 1578; x_wconf 88' lang='lat' dir='ltr'>etiarn</span> 
     </span>
     <span class='ocr_line' id='line_1_11' title="bbox 657 1616 3124 1705; baseline 0.001 -22"><span class='ocrx_word' id='word_1_77' title='bbox 657 1619 753 1683; x_wconf 69' lang='lat' dir='ltr'>ab</span> <span class='ocrx_word' id='word_1_78' title='bbox 801 1617 1252 1688; x_wconf 77' lang='lat' dir='ltr'>inhabilitate</span> <span class='ocrx_word' id='word_1_79' title='bbox 1297 1617 1786 1688; x_wconf 88' lang='lat' dir='ltr'>contrahendi</span> <span class='ocrx_word' id='word_1_80' title='bbox 1834 1618 2134 1705; x_wconf 89' lang='lat' dir='ltr'>nuptias</span> <span class='ocrx_word' id='word_1_81' title='bbox 2180 1636 2360 1687; x_wconf 89' lang='lat' dir='ltr'>cum</span> <span class='ocrx_word' id='word_1_82' title='bbox 2407 1622 2637 1704; x_wconf 89' lang='lat' dir='ltr'>rapta,</span> <span class='ocrx_word' id='word_1_83' title='bbox 2713 1635 2812 1685; x_wconf 85' lang='lat' dir='ltr'>ex</span> <span class='ocrx_word' id='word_1_84' title='bbox 2880 1616 3124 1703; x_wconf 90' lang='lat' dir='ltr'>capite</span> 
     </span>
     <span class='ocr_line' id='line_1_12' title="bbox 661 1721 3123 1812; baseline -0.001 -21"><span class='ocrx_word' id='word_1_85' title='bbox 661 1722 1070 1807; x_wconf 77' lang='lat' dir='ltr'>penultimo</span> <span class='ocrx_word' id='word_1_86' title='bbox 1117 1724 1212 1793; x_wconf 91' lang='lat' dir='ltr'>de</span> <span class='ocrx_word' id='word_1_87' title='bbox 1259 1724 1704 1811; x_wconf 86' lang='lat' dir='ltr'>raptoribus,</span> <span class='ocrx_word' id='word_1_88' title='bbox 1753 1725 1959 1812; x_wconf 91' lang='lat' dir='ltr'>quod</span> <span class='ocrx_word' id='word_1_89' title='bbox 2009 1722 2523 1793; x_wconf 81' lang='lat' dir='ltr'>Tridentinum&#39;</span> <span class='ocrx_word' id='word_1_90' title='bbox 2570 1741 2723 1791; x_wconf 90' lang='lat' dir='ltr'>non</span> <span class='ocrx_word' id='word_1_91' title='bbox 2801 1721 3123 1810; x_wconf 84' lang='lat' dir='ltr'>corrigit,</span> 
     </span>
     <span class='ocr_line' id='line_1_13' title="bbox 661 1828 3128 1916; baseline 0.001 -21"><span class='ocrx_word' id='word_1_92' title='bbox 661 1839 741 1899; x_wconf 76' lang='lat' dir='ltr'>ut</span> <span class='ocrx_word' id='word_1_93' title='bbox 790 1834 990 1916; x_wconf 87' lang='lat' dir='ltr'>patet</span> <span class='ocrx_word' id='word_1_94' title='bbox 1056 1849 1156 1899; x_wconf 86' lang='lat' dir='ltr'>ex</span> <span class='ocrx_word' id='word_1_95' title='bbox 1215 1837 1572 1902; x_wconf 85' lang='lat' dir='ltr'>contextu</span> <span class='ocrx_word' id='word_1_96' title='bbox 1605 1829 1650 1899; x_wconf 90' lang='lat'>¹.</span> <span class='ocrx_word' id='word_1_97' title='bbox 1697 1868 1743 1880; x_wconf 91' lang='lat'><em>-</em></span> <span class='ocrx_word' id='word_1_98' title='bbox 1791 1831 1927 1901; x_wconf 89' lang='lat' dir='ltr'>Vel</span> <span class='ocrx_word' id='word_1_99' title='bbox 1984 1828 2312 1900; x_wconf 74' lang='lat' dir='ltr'>secundo</span> <span class='ocrx_word' id='word_1_100' title='bbox 2369 1829 2625 1900; x_wconf 90' lang='lat' dir='ltr'>nullus</span> <span class='ocrx_word' id='word_1_101' title='bbox 2685 1829 2780 1899; x_wconf 90' lang='lat' dir='ltr'>de</span> <span class='ocrx_word' id='word_1_102' title='bbox 2846 1829 3128 1916; x_wconf 89' lang='lat' dir='ltr'>nuptiis</span> 
     </span>
     <span class='ocr_line' id='line_1_14' title="bbox 657 1934 3118 2026; baseline -0.002 -19"><span class='ocrx_word' id='word_1_103' title='bbox 657 1943 1086 2008; x_wconf 70' lang='lat' dir='ltr'>contractus</span> <span class='ocrx_word' id='word_1_104' title='bbox 1148 1945 1703 2026; x_wconf 87' lang='lat' dir='ltr'>praecesserat:</span> <span class='ocrx_word' id='word_1_105' title='bbox 1753 1950 1827 2010; x_wconf 89' lang='lat' dir='ltr'>et</span> <span class='ocrx_word' id='word_1_106' title='bbox 1872 1940 2015 2008; x_wconf 89' lang='lat' dir='ltr'>hoc</span> <span class='ocrx_word' id='word_1_107' title='bbox 2061 1939 2135 2007; x_wconf 93' lang='lat' dir='ltr'>in</span> <span class='ocrx_word' id='word_1_108' title='bbox 2197 1957 2383 2009; x_wconf 91' lang='lat' dir='ltr'>casu</span> <span class='ocrx_word' id='word_1_109' title='bbox 2416 1934 2440 1972; x_wconf 91' lang='lat'><strong>²</strong></span> <span class='ocrx_word' id='word_1_110' title='bbox 2489 1935 2622 2007; x_wconf 82' lang='lat' dir='ltr'>alii</span> <span class='ocrx_word' id='word_1_111' title='bbox 2666 1941 2933 2023; x_wconf 88' lang='lat' dir='ltr'>tenent,</span> <span class='ocrx_word' id='word_1_112' title='bbox 2968 1954 3118 2006; x_wconf 91' lang='lat' dir='ltr'>non</span> 
     </span>
     <span class='ocr_line' id='line_1_15' title="bbox 657 2043 3127 2134; baseline 0 -23"><span class='ocrx_word' id='word_1_113' title='bbox 657 2046 934 2115; x_wconf 73' lang='lat' dir='ltr'>incurri</span> <span class='ocrx_word' id='word_1_114' title='bbox 1002 2046 1621 2132; x_wconf 89' lang='lat' dir='ltr'>impedimentum</span> <span class='ocrx_word' id='word_1_115' title='bbox 1708 2051 2004 2134; x_wconf 81' lang='lat' dir='ltr'>raptuS‚</span> <span class='ocrx_word' id='word_1_116' title='bbox 2076 2052 2227 2116; x_wconf 91' lang='lat' dir='ltr'>tam</span> <span class='ocrx_word' id='word_1_117' title='bbox 2298 2046 2361 2114; x_wconf 92' lang='lat' dir='ltr'>si</span> <span class='ocrx_word' id='word_1_118' title='bbox 2436 2046 2703 2114; x_wconf 90' lang='lat' dir='ltr'>mulier</span> <span class='ocrx_word' id='word_1_119' title='bbox 2772 2043 3127 2131; x_wconf 87' lang='lat' dir='ltr'>precibus</span> 
     </span>
     <span class='ocr_line' id='line_1_16' title="bbox 661 2149 3130 2241; baseline -0 -22"><span class='ocrx_word' id='word_1_120' title='bbox 661 2153 1126 2240; x_wconf 74' lang='lat' dir='ltr'>importunis,</span> <span class='ocrx_word' id='word_1_121' title='bbox 1179 2149 1297 2223; x_wconf 90' lang='lat' dir='ltr'>vel</span> <span class='ocrx_word' id='word_1_122' title='bbox 1344 2155 1562 2223; x_wconf 90' lang='lat' dir='ltr'>etiarn</span> <span class='ocrx_word' id='word_1_123' title='bbox 1595 2155 1814 2224; x_wconf 91' lang='lat' dir='ltr'>donis</span> <span class='ocrx_word' id='word_1_124' title='bbox 1861 2160 1931 2223; x_wconf 91' lang='lat' dir='ltr'>et</span> <span class='ocrx_word' id='word_1_125' title='bbox 1976 2153 2297 2241; x_wconf 90' lang='lat' dir='ltr'>pecunia</span> <span class='ocrx_word' id='word_1_126' title='bbox 2332 2153 2640 2222; x_wconf 90' lang='lat' dir='ltr'>inducta</span> <span class='ocrx_word' id='word_1_127' title='bbox 2684 2152 2795 2238; x_wconf 92' lang='lat' dir='ltr'>sit,</span> <span class='ocrx_word' id='word_1_128' title='bbox 2845 2160 2928 2222; x_wconf 91' lang='lat' dir='ltr'>ut</span> <span class='ocrx_word' id='word_1_129' title='bbox 2957 2168 3130 2219; x_wconf 91' lang='lat' dir='ltr'>con-</span> 
     </span>
     <span class='ocr_line' id='line_1_17' title="bbox 661 2258 3125 2348; baseline -0.001 -21"><span class='ocrx_word' id='word_1_130' title='bbox 661 2259 924 2328; x_wconf 66' lang='lat' dir='ltr'>sentiat</span> <span class='ocrx_word' id='word_1_131' title='bbox 968 2260 1085 2328; x_wconf 92' lang='lat' dir='ltr'>sui</span> <span class='ocrx_word' id='word_1_132' title='bbox 1133 2260 1556 2329; x_wconf 86' lang='lat' dir='ltr'>abductioni</span> <span class='ocrx_word' id='word_1_133' title='bbox 1604 2261 1772 2347; x_wconf 89' lang='lat' dir='ltr'>(nisi</span> <span class='ocrx_word' id='word_1_134' title='bbox 1817 2258 2001 2329; x_wconf 84' lang='lat' dir='ltr'>forte</span> <span class='ocrx_word' id='word_1_135' title='bbox 2048 2278 2311 2348; x_wconf 90' lang='lat' dir='ltr'>preces</span> <span class='ocrx_word' id='word_1_136' title='bbox 2358 2259 2524 2329; x_wconf 92' lang='lat' dir='ltr'>illae</span> <span class='ocrx_word' id='word_1_137' title='bbox 2585 2272 2699 2344; x_wconf 45' lang='lat' dir='ltr'>ob,</span> <span class='ocrx_word' id='word_1_138' title='bbox 2730 2258 3125 2328; x_wconf 88' lang='lat' dir='ltr'>adiunctas</span> 
     </span>
     <span class='ocr_line' id='line_1_18' title="bbox 665 2363 3130 2455; baseline 0.001 -24"><span class='ocrx_word' id='word_1_139' title='bbox 665 2367 904 2434; x_wconf 77' lang='lat' dir='ltr'>minas</span> <span class='ocrx_word' id='word_1_140' title='bbox 955 2364 1070 2434; x_wconf 89' lang='lat' dir='ltr'>vel</span> <span class='ocrx_word' id='word_1_141' title='bbox 1117 2370 1402 2435; x_wconf 90' lang='lat' dir='ltr'>metum</span> <span class='ocrx_word' id='word_1_142' title='bbox 1442 2366 2006 2437; x_wconf 87' lang='lat' dir='ltr'>reverentialem</span> <span class='ocrx_word' id='word_1_143' title='bbox 2055 2368 2637 2455; x_wconf 83' lang='lat' dir='ltr'>aequiparentur</span> <span class='ocrx_word' id='word_1_144' title='bbox 2686 2363 3130 2450; x_wconf 87' lang='lat' dir='ltr'>violentiae),</span> 
     </span>
     <span class='ocr_line' id='line_1_19' title="bbox 661 2471 3122 2562; baseline 0 -23"><span class='ocrx_word' id='word_1_145' title='bbox 661 2490 889 2555; x_wconf 71' lang='lat' dir='ltr'>quam</span> <span class='ocrx_word' id='word_1_146' title='bbox 939 2472 1001 2541; x_wconf 92' lang='lat' dir='ltr'>si</span> <span class='ocrx_word' id='word_1_147' title='bbox 1051 2474 1272 2541; x_wconf 89' lang='lat' dir='ltr'>etiam</span> <span class='ocrx_word' id='word_1_148' title='bbox 1342 2473 1514 2542; x_wconf 91' lang='lat' dir='ltr'>dolo</span> <span class='ocrx_word' id='word_1_149' title='bbox 1583 2471 1940 2562; x_wconf 88' lang='lat' dir='ltr'>falsisque</span> <span class='ocrx_word' id='word_1_150' title='bbox 2010 2475 2405 2562; x_wconf 90' lang='lat' dir='ltr'>promissis</span> <span class='ocrx_word' id='word_1_151' title='bbox 2468 2476 2943 2544; x_wconf 88' lang='lat' dir='ltr'>consentiens</span> <span class='ocrx_word' id='word_1_152' title='bbox 2990 2474 3122 2543; x_wconf 90' lang='lat' dir='ltr'>ab·</span> 
     </span>
     <span class='ocr_line' id='line_1_20' title="bbox 665 2580 3130 2671; baseline 0.003 -28"><span class='ocrx_word' id='word_1_153' title='bbox 665 2583 1013 2667; x_wconf 50' lang='lat' dir='ltr'>minitatur,</span> <span class='ocrx_word' id='word_1_154' title='bbox 1072 2599 1251 2649; x_wconf 91' lang='lat' dir='ltr'>cum</span> <span class='ocrx_word' id='word_1_155' title='bbox 1319 2580 1515 2651; x_wconf 77' lang='lat' dir='ltr'>absit</span> <span class='ocrx_word' id='word_1_156' title='bbox 1580 2580 1972 2669; x_wconf 76' lang='lat' dir='ltr'>uiolentia,</span> <span class='ocrx_word' id='word_1_157' title='bbox 2040 2582 2384 2671; x_wconf 88' lang='lat' dir='ltr'>adeoque</span> <span class='ocrx_word' id='word_1_158' title='bbox 2457 2601 2610 2651; x_wconf 89' lang='lat' dir='ltr'>non</span> <span class='ocrx_word' id='word_1_159' title='bbox 2676 2582 2768 2650; x_wconf 90' lang='lat' dir='ltr'>sit</span> <span class='ocrx_word' id='word_1_160' title='bbox 2828 2580 3130 2669; x_wconf 89' lang='lat' dir='ltr'>proprie</span> 
     </span>
     <span class='ocr_line' id='line_1_21' title="bbox 673 2685 3132 2775; baseline 0.001 -23"><span class='ocrx_word' id='word_1_161' title='bbox 673 2693 926 2775; x_wconf 77' lang='lat' dir='ltr'>raptus</span> <span class='ocrx_word' id='word_1_162' title='bbox 995 2688 1423 2759; x_wconf 79' lang='lat' dir='ltr'>inhabilitati</span> <span class='ocrx_word' id='word_1_163' title='bbox 1471 2709 1514 2759; x_wconf 95' lang='lat' dir='ltr'>a</span> <span class='ocrx_word' id='word_1_164' title='bbox 1564 2689 1994 2760; x_wconf 91' lang='lat' dir='ltr'>Tridentino</span> <span class='ocrx_word' id='word_1_165' title='bbox 2057 2696 2375 2761; x_wconf 80' lang='lat' dir='ltr'>statutae</span> <span class='ocrx_word' id='word_1_166' title='bbox 2439 2690 2817 2759; x_wconf 85' lang='lat' dir='ltr'>obnoxius</span> <span class='ocrx_word' id='word_1_167' title='bbox 2862 2686 2910 2756; x_wconf 83' lang='lat'>⁸.</span> <span class='ocrx_word' id='word_1_168' title='bbox 2975 2685 3132 2755; x_wconf 80' lang='lat' dir='ltr'>Alii</span> 
     </span>
     <span class='ocr_line' id='line_1_22' title="bbox 665 2797 3127 2885; baseline 0.001 -22"><span class='ocrx_word' id='word_1_169' title='bbox 665 2799 913 2864; x_wconf 68' lang='lat' dir='ltr'>autem</span> <span class='ocrx_word' id='word_1_170' title='bbox 963 2797 1420 2866; x_wconf 89' lang='lat' dir='ltr'>contrarium</span> <span class='ocrx_word' id='word_1_171' title='bbox 1469 2797 1875 2867; x_wconf 83' lang='lat' dir='ltr'>sentientes</span> <span class='ocrx_word' id='word_1_172' title='bbox 1934 2797 2223 2885; x_wconf 90' lang='lat' dir='ltr'>docent,</span> <span class='ocrx_word' id='word_1_173' title='bbox 2271 2799 2609 2870; x_wconf 90' lang='lat' dir='ltr'>mulieris</span> <span class='ocrx_word' id='word_1_174' title='bbox 2661 2816 3127 2868; x_wconf 88' lang='lat' dir='ltr'>consensum</span> 
     </span>
     <span class='ocr_line' id='line_1_23' title="bbox 661 2903 3129 2993; baseline 0.004 -26"><span class='ocrx_word' id='word_1_175' title='bbox 661 2903 729 2967; x_wconf 79' lang='lat' dir='ltr'>in</span> <span class='ocrx_word' id='word_1_176' title='bbox 779 2904 897 2971; x_wconf 92' lang='lat' dir='ltr'>sui</span> <span class='ocrx_word' id='word_1_177' title='bbox 943 2903 1472 2973; x_wconf 89' lang='lat' dir='ltr'>abductionem</span> <span class='ocrx_word' id='word_1_178' title='bbox 1520 2922 1693 2974; x_wconf 90' lang='lat' dir='ltr'>cum</span> <span class='ocrx_word' id='word_1_179' title='bbox 1754 2905 2009 2975; x_wconf 90' lang='lat' dir='ltr'>nullus</span> <span class='ocrx_word' id='word_1_180' title='bbox 2059 2907 2453 2993; x_wconf 87' lang='lat' dir='ltr'>praeiverit</span> <span class='ocrx_word' id='word_1_181' title='bbox 2499 2908 2593 2977; x_wconf 91' lang='lat' dir='ltr'>de</span> <span class='ocrx_word' id='word_1_182' title='bbox 2640 2907 3129 2978; x_wconf 89' lang='lat' dir='ltr'>matrimonio</span> 
     </span>
     <span class='ocr_line' id='line_1_24' title="bbox 661 3009 3133 3102; baseline 0.005 -31"><span class='ocrx_word' id='word_1_183' title='bbox 661 3009 988 3079; x_wconf 71' lang='lat' dir='ltr'>ineundo</span> <span class='ocrx_word' id='word_1_184' title='bbox 1035 3014 1480 3097; x_wconf 77' lang='lat' dir='ltr'>contractuS,</span> <span class='ocrx_word' id='word_1_185' title='bbox 1528 3016 1910 3081; x_wconf 85' lang='lat' dir='ltr'>extortum</span> <span class='ocrx_word' id='word_1_186' title='bbox 1960 3031 2095 3099; x_wconf 93' lang='lat' dir='ltr'>per</span> <span class='ocrx_word' id='word_1_187' title='bbox 2141 3013 2401 3083; x_wconf 87' lang='lat' dir='ltr'>dolum</span> <span class='ocrx_word' id='word_1_188' title='bbox 2450 3013 2836 3102; x_wconf 89' lang='lat' dir='ltr'>praesumi</span> <span class='ocrx_word' id='word_1_189' title='bbox 2853 3034 2873 3101; x_wconf 83' lang='lat'><em>3</em></span> <span class='ocrx_word' id='word_1_190' title='bbox 2923 3032 3133 3083; x_wconf 90' lang='lat' dir='ltr'>cum—</span> 
     </span>
     <span class='ocr_line' id='line_1_25' title="bbox 661 3116 3121 3209; baseline 0.002 -26"><span class='ocrx_word' id='word_1_191' title='bbox 661 3133 806 3203; x_wconf 65' lang='lat' dir='ltr'>que</span> <span class='ocrx_word' id='word_1_192' title='bbox 855 3135 954 3184; x_wconf 87' lang='lat' dir='ltr'>ex</span> <span class='ocrx_word' id='word_1_193' title='bbox 1002 3135 1378 3186; x_wconf 89' lang='lat' dir='ltr'>consensu</span> <span class='ocrx_word' id='word_1_194' title='bbox 1427 3117 1499 3185; x_wconf 95' lang='lat' dir='ltr'>in</span> <span class='ocrx_word' id='word_1_195' title='bbox 1550 3123 1849 3206; x_wconf 88' lang='lat' dir='ltr'>raptum</span> <span class='ocrx_word' id='word_1_196' title='bbox 1900 3116 2148 3189; x_wconf 87' lang='lat' dir='ltr'>inferri</span> <span class='ocrx_word' id='word_1_197' title='bbox 2195 3127 2521 3209; x_wconf 89' lang='lat' dir='ltr'>nequeat</span> <span class='ocrx_word' id='word_1_198' title='bbox 2575 3140 2998 3192; x_wconf 89' lang='lat' dir='ltr'>consensus</span> <span class='ocrx_word' id='word_1_199' title='bbox 3046 3122 3121 3189; x_wconf 89' lang='lat' dir='ltr'>in</span> 
     </span>
     <span class='ocr_line' id='line_1_26' title="bbox 665 3222 3125 3316; baseline 0.005 -30"><span class='ocrx_word' id='word_1_200' title='bbox 665 3222 1240 3311; x_wconf 69' lang='lat' dir='ltr'>r1iatrimonium,</span> <span class='ocrx_word' id='word_1_201' title='bbox 1272 3234 1571 3312; x_wconf 90' lang='lat' dir='ltr'>raptum</span> <span class='ocrx_word' id='word_1_202' title='bbox 1622 3226 1955 3296; x_wconf 88' lang='lat' dir='ltr'>mulieris</span> <span class='ocrx_word' id='word_1_203' title='bbox 2004 3232 2414 3316; x_wconf 88' lang='lat' dir='ltr'>utcumque</span> <span class='ocrx_word' id='word_1_204' title='bbox 2462 3228 2774 3299; x_wconf 88' lang='lat' dir='ltr'>volentis</span> <span class='ocrx_word' id='word_1_205' title='bbox 2819 3231 3125 3299; x_wconf 88' lang='lat' dir='ltr'>decreto</span> 
     </span>
     <span class='ocr_line' id='line_1_27' title="bbox 661 3329 3136 3423; baseline 0.004 -30"><span class='ocrx_word' id='word_1_206' title='bbox 661 3329 954 3398; x_wconf 68' lang='lat' dir='ltr'>Concilii</span> <span class='ocrx_word' id='word_1_207' title='bbox 1028 3330 1305 3400; x_wconf 89' lang='lat' dir='ltr'>includi</span> <span class='ocrx_word' id='word_1_208' title='bbox 1353 3329 1399 3398; x_wconf 75' lang='lat'>⁴.</span> <span class='ocrx_word' id='word_1_209' title='bbox 1490 3333 1883 3401; x_wconf 90' lang='lat' dir='ltr'>Rationem</span> <span class='ocrx_word' id='word_1_210' title='bbox 1946 3341 2198 3404; x_wconf 88' lang='lat' dir='ltr'>autem</span> <span class='ocrx_word' id='word_1_211' title='bbox 2262 3335 2766 3423; x_wconf 87' lang='lat' dir='ltr'>potissimam,</span> <span class='ocrx_word' id='word_1_212' title='bbox 2817 3340 3136 3423; x_wconf 88' lang='lat' dir='ltr'>propter</span> 
     </span>
    </p>
   </div>
   <div class='ocr_carea' id='block_1_3' title="bbox 661 3528 3183 4397">
    <p class='ocr_par' dir='ltr' id='par_1_3' title="bbox 661 3528 3133 3705">
     <span class='ocr_line' id='line_1_28' title="bbox 795 3528 3133 3610; baseline 0.003 -22"><span class='ocrx_word' id='word_1_213' title='bbox 795 3528 817 3565; x_wconf 89' lang='lat'><strong>¹</strong></span> <span class='ocrx_word' id='word_1_214' title='bbox 865 3529 1141 3589; x_wconf 82' lang='lat' dir='ltr'>Sanchez</span> <span class='ocrx_word' id='word_1_215' title='bbox 1197 3530 1366 3604; x_wconf 82' lang='lat' dir='ltr'>disp.</span> <span class='ocrx_word' id='word_1_216' title='bbox 1431 3528 1541 3590; x_wconf 91' lang='lat'>13.</span> <span class='ocrx_word' id='word_1_217' title='bbox 1588 3548 1660 3588; x_wconf 78' lang='lat' dir='ltr'>n.</span> <span class='ocrx_word' id='word_1_218' title='bbox 1714 3530 1800 3588; x_wconf 84' lang='lat'>15</span> <span class='ocrx_word' id='word_1_219' title='bbox 1811 3551 1837 3602; x_wconf 93' lang='lat'>,·</span> <span class='ocrx_word' id='word_1_220' title='bbox 1866 3562 1942 3577; x_wconf 91' lang='lat'>—</span> <span class='ocrx_word' id='word_1_221' title='bbox 1979 3532 2250 3610; x_wconf 83' lang='lat' dir='ltr'>Pirhing</span> <span class='ocrx_word' id='word_1_222' title='bbox 2304 3532 2345 3591; x_wconf 83' lang='lat' dir='ltr'>l.</span> <span class='ocrx_word' id='word_1_223' title='bbox 2394 3548 2447 3591; x_wconf 84' lang='lat' dir='ltr'>c.</span> <span class='ocrx_word' id='word_1_224' title='bbox 2493 3550 2563 3591; x_wconf 75' lang='lat' dir='ltr'>n.</span> <span class='ocrx_word' id='word_1_225' title='bbox 2613 3531 2747 3602; x_wconf 81' lang='lat'>28,-</span> <span class='ocrx_word' id='word_1_226' title='bbox 2805 3563 2882 3578; x_wconf 91' lang='lat'>—</span> <span class='ocrx_word' id='word_1_227' title='bbox 2934 3532 3133 3594; x_wconf 89' lang='lat' dir='ltr'>Lure-</span> 
     </span>
     <span class='ocr_line' id='line_1_29' title="bbox 661 3627 1275 3705; baseline 0.003 -22"><span class='ocrx_word' id='word_1_228' title='bbox 661 3631 808 3705; x_wconf 37' lang='lat' dir='ltr'>uius-</span> <span class='ocrx_word' id='word_1_229' title='bbox 846 3627 889 3687; x_wconf 83' lang='lat' dir='ltr'>l.</span> <span class='ocrx_word' id='word_1_230' title='bbox 937 3643 992 3685; x_wconf 87' lang='lat' dir='ltr'>c.</span> <span class='ocrx_word' id='word_1_231' title='bbox 1042 3645 1111 3685; x_wconf 77' lang='lat' dir='ltr'>n.</span> <span class='ocrx_word' id='word_1_232' title='bbox 1167 3627 1275 3687; x_wconf 90' lang='lat'>11.</span> 
     </span>
    </p>

    <p class='ocr_par' dir='ltr' id='par_1_4' title="bbox 661 3723 3183 3999">
     <span class='ocr_line' id='line_1_30' title="bbox 791 3723 3131 3806; baseline 0.001 -21"><span class='ocrx_word' id='word_1_233' title='bbox 791 3723 816 3761; x_wconf 78' lang='lat'>²</span> <span class='ocrx_word' id='word_1_234' title='bbox 862 3726 931 3785; x_wconf 93' lang='lat' dir='ltr'>In</span> <span class='ocrx_word' id='word_1_235' title='bbox 974 3742 1091 3802; x_wconf 90' lang='lat' dir='ltr'>quo</span> <span class='ocrx_word' id='word_1_236' title='bbox 1134 3726 1674 3803; x_wconf 83' lang='lat' dir='ltr'>comprehenditur</span> <span class='ocrx_word' id='word_1_237' title='bbox 1716 3732 1783 3789; x_wconf 84' lang='lat' dir='ltr'>et</span> <span class='ocrx_word' id='word_1_238' title='bbox 1824 3728 2093 3790; x_wconf 78' lang='lat' dir='ltr'>solvitur</span> <span class='ocrx_word' id='word_1_239' title='bbox 2134 3729 2414 3806; x_wconf 82' lang='lat' dir='ltr'>quaestio</span> <span class='ocrx_word' id='word_1_240' title='bbox 2455 3729 2529 3789; x_wconf 91' lang='lat' dir='ltr'>de</span> <span class='ocrx_word' id='word_1_241' title='bbox 2571 3736 2770 3805; x_wconf 78' lang='lat' dir='ltr'>raptu</span> <span class='ocrx_word' id='word_1_242' title='bbox 2813 3729 3131 3789; x_wconf 79' lang='lat' dir='ltr'>seductio·</span> 
     </span>
     <span class='ocr_line' id='line_1_31' title="bbox 665 3824 3127 3902; baseline 0.006 -27"><span class='ocrx_word' id='word_1_243' title='bbox 665 3827 790 3890; x_wconf 66' lang='lat' dir='ltr'>nis.</span> <span class='ocrx_word' id='word_1_244' title='bbox 840 3827 910 3884; x_wconf 87' lang='lat' dir='ltr'>ut</span> <span class='ocrx_word' id='word_1_245' title='bbox 959 3841 1097 3882; x_wconf 89' lang='lat' dir='ltr'>eum</span> <span class='ocrx_word' id='word_1_246' title='bbox 1152 3824 1493 3902; x_wconf 83' lang='lat' dir='ltr'>appellant,</span> <span class='ocrx_word' id='word_1_247' title='bbox 1539 3844 1645 3886; x_wconf 82' lang='lat' dir='ltr'>seu</span> <span class='ocrx_word' id='word_1_248' title='bbox 1701 3845 1840 3886; x_wconf 86' lang='lat' dir='ltr'>cum</span> <span class='ocrx_word' id='word_1_249' title='bbox 1898 3828 2125 3888; x_wconf 89' lang='lat' dir='ltr'>mulier</span> <span class='ocrx_word' id='word_1_250' title='bbox 2170 3827 2517 3902; x_wconf 78' lang='lat' dir='ltr'>blanditiis,</span> <span class='ocrx_word' id='word_1_251' title='bbox 2574 3829 2927 3890; x_wconf 82' lang='lat' dir='ltr'>muneribus</span> <span class='ocrx_word' id='word_1_252' title='bbox 2974 3833 3127 3902; x_wconf 65' lang='lat' dir='ltr'>etc„</span> 
     </span>
     <span class='ocr_line' id='line_1_32' title="bbox 661 3922 3183 3999; baseline 0.004 -20"><span class='ocrx_word' id='word_1_253' title='bbox 661 3923 733 3979; x_wconf 59' lang='lat' dir='ltr'>ful</span> <span class='ocrx_word' id='word_1_254' title='bbox 777 3926 1094 3998; x_wconf 83' lang='lat' dir='ltr'>raptorem</span> <span class='ocrx_word' id='word_1_255' title='bbox 1138 3922 1506 3999; x_wconf 85' lang='lat' dir='ltr'>sequendum</span> <span class='ocrx_word' id='word_1_256' title='bbox 1550 3924 1884 3986; x_wconf 86' lang='lat' dir='ltr'>inducitur.</span> <span class='ocrx_word' id='word_1_257' title='bbox 3174 3961 3183 3970; x_wconf 95' lang='lat'><strong>·</strong></span> 
     </span>
    </p>

    <p class='ocr_par' dir='ltr' id='par_1_5' title="bbox 665 4018 3136 4184">
     <span class='ocr_line' id='line_1_33' title="bbox 793 4018 3136 4101; baseline 0.005 -23"><span class='ocrx_word' id='word_1_258' title='bbox 793 4018 819 4057; x_wconf 60' lang='grc' dir='ltr'><strong><em>Β</em></strong></span> <span class='ocrx_word' id='word_1_259' title='bbox 872 4019 1150 4080; x_wconf 82' lang='lat' dir='ltr'>Sanchez</span> <span class='ocrx_word' id='word_1_260' title='bbox 1198 4020 1256 4079; x_wconf 70' lang='lat' dir='ltr'>J.</span> <span class='ocrx_word' id='word_1_261' title='bbox 1309 4038 1365 4081; x_wconf 84' lang='lat' dir='ltr'>c.</span> <span class='ocrx_word' id='word_1_262' title='bbox 1421 4042 1491 4082; x_wconf 76' lang='lat' dir='ltr'>n.</span> <span class='ocrx_word' id='word_1_263' title='bbox 1555 4023 1632 4081; x_wconf 86' lang='lat'>11</span> <span class='ocrx_word' id='word_1_264' title='bbox 1650 4043 1675 4093; x_wconf 90' lang='lat'>‚·</span> <span class='ocrx_word' id='word_1_265' title='bbox 1721 4056 1792 4069; x_wconf 90' lang='lat'>-</span> <span class='ocrx_word' id='word_1_266' title='bbox 1839 4023 2113 4101; x_wconf 81' lang='lat' dir='ltr'>Pirhing</span> <span class='ocrx_word' id='word_1_267' title='bbox 2169 4025 2210 4083; x_wconf 87' lang='lat' dir='ltr'>l.</span> <span class='ocrx_word' id='word_1_268' title='bbox 2269 4041 2325 4084; x_wconf 84' lang='lat' dir='ltr'>c.</span> <span class='ocrx_word' id='word_1_269' title='bbox 2381 4043 2449 4085; x_wconf 79' lang='lat' dir='ltr'>n.</span> <span class='ocrx_word' id='word_1_270' title='bbox 2507 4025 2643 4097; x_wconf 82' lang='lat'>26,·</span> <span class='ocrx_word' id='word_1_271' title='bbox 2684 4059 2761 4074; x_wconf 91' lang='lat'>—</span> <span class='ocrx_word' id='word_1_272' title='bbox 2812 4030 2987 4090; x_wconf 87' lang='lat' dir='ltr'>Gutt.</span> <span class='ocrx_word' id='word_1_273' title='bbox 3049 4029 3136 4090; x_wconf 79' lang='lat' dir='ltr'>de</span> 
     </span>
     <span class='ocr_line' id='line_1_34' title="bbox 665 4116 2714 4184; baseline 0.006 -13"><span class='ocrx_word' id='word_1_274' title='bbox 665 4124 857 4175; x_wconf 65' lang='lat' dir='ltr'>matr.</span> <span class='ocrx_word' id='word_1_275' title='bbox 905 4135 959 4174; x_wconf 75' lang='lat' dir='ltr'>r.</span> <span class='ocrx_word' id='word_1_276' title='bbox 1011 4116 1123 4176; x_wconf 87' lang='lat'>86.</span> <span class='ocrx_word' id='word_1_277' title='bbox 1173 4136 1295 4178; x_wconf 76' lang='lat' dir='ltr'>nn.</span> <span class='ocrx_word' id='word_1_278' title='bbox 1353 4117 1576 4177; x_wconf 87' lang='lat'><em>14-15</em></span> <span class='ocrx_word' id='word_1_279' title='bbox 1618 4120 1803 4182; x_wconf 62' lang='lat' dir='ltr'>citati</span> <span class='ocrx_word' id='word_1_280' title='bbox 1848 4140 1885 4180; x_wconf 85' lang='lat' dir='ltr'>a</span> <span class='ocrx_word' id='word_1_281' title='bbox 1930 4123 2238 4182; x_wconf 88' lang='lat' dir='ltr'>Leurenio</span> <span class='ocrx_word' id='word_1_282' title='bbox 2285 4124 2324 4182; x_wconf 87' lang='lat' dir='ltr'>l.</span> <span class='ocrx_word' id='word_1_283' title='bbox 2375 4139 2430 4182; x_wconf 84' lang='lat' dir='ltr'>c.</span> <span class='ocrx_word' id='word_1_284' title='bbox 2481 4142 2551 4183; x_wconf 77' lang='lat' dir='ltr'>n.</span> <span class='ocrx_word' id='word_1_285' title='bbox 2612 4125 2714 4184; x_wconf 89' lang='grc'>10.</span> 
     </span>
    </p>

    <p class='ocr_par' dir='ltr' id='par_1_6' title="bbox 665 4214 3130 4397">
     <span class='ocr_line' id='line_1_35' title="bbox 796 4214 3127 4298; baseline 0.004 -24"><span class='ocrx_word' id='word_1_286' title='bbox 796 4214 822 4252; x_wconf 81' lang='lat'>⁴</span> <span class='ocrx_word' id='word_1_287' title='bbox 886 4214 1021 4275; x_wconf 79' lang='lat' dir='ltr'>Gfr.</span> <span class='ocrx_word' id='word_1_288' title='bbox 1075 4215 1362 4293; x_wconf 80' lang='lat' dir='ltr'>Rigantii</span> <span class='ocrx_word' id='word_1_289' title='bbox 1431 4218 1926 4279; x_wconf 75' lang='lat' dir='ltr'>Commentaria</span> <span class='ocrx_word' id='word_1_290' title='bbox 1994 4224 2069 4280; x_wconf 80' lang='lat' dir='ltr'>in</span> <span class='ocrx_word' id='word_1_291' title='bbox 2132 4222 2369 4298; x_wconf 75' lang='lat' dir='ltr'>Reyul.</span> <span class='ocrx_word' id='word_1_292' title='bbox 2429 4223 2645 4283; x_wconf 69' lang='lat' dir='ltr'>Consi.</span> <span class='ocrx_word' id='word_1_293' title='bbox 2702 4233 2766 4283; x_wconf 83' lang='lat' dir='ltr'>et</span> <span class='ocrx_word' id='word_1_294' title='bbox 2825 4223 3127 4284; x_wconf 81' lang='lat' dir='ltr'>Ordinat.</span> 
     </span>
     <span class='ocr_line' id='line_1_36' title="bbox 665 4311 3130 4397; baseline 0.006 -30"><span class='ocrx_word' id='word_1_295' title='bbox 665 4311 955 4369; x_wconf 64' lang='lat' dir='ltr'>Cancell.</span> <span class='ocrx_word' id='word_1_296' title='bbox 989 4312 1209 4387; x_wconf 79' lang='lat' dir='ltr'>Apost.</span> <span class='ocrx_word' id='word_1_297' title='bbox 1237 4344 1314 4357; x_wconf 94' lang='lat'>—</span> <span class='ocrx_word' id='word_1_298' title='bbox 1338 4314 1571 4390; x_wconf 80' lang='lat' dir='ltr'>Reyul.</span> <span class='ocrx_word' id='word_1_299' title='bbox 1613 4313 1726 4376; x_wconf 84' lang='lat'>49.</span> <span class='ocrx_word' id='word_1_300' title='bbox 1767 4335 1835 4376; x_wconf 83' lang='lat' dir='ltr'>n.</span> <span class='ocrx_word' id='word_1_301' title='bbox 1869 4317 1953 4375; x_wconf 89' lang='grc'>71</span> <span class='ocrx_word' id='word_1_302' title='bbox 1989 4327 2052 4379; x_wconf 81' lang='lat' dir='ltr'>et</span> <span class='ocrx_word' id='word_1_303' title='bbox 2078 4337 2249 4396; x_wconf 80' lang='lat' dir='ltr'>seqq.</span> <span class='ocrx_word' id='word_1_304' title='bbox 2282 4319 2385 4379; x_wconf 89' lang='lat' dir='ltr'>ubi</span> <span class='ocrx_word' id='word_1_305' title='bbox 2415 4320 2698 4397; x_wconf 83' lang='lat' dir='ltr'>pluribus</span> <span class='ocrx_word' id='word_1_306' title='bbox 2726 4322 2884 4381; x_wconf 86' lang='lat' dir='ltr'>hanc</span> <span class='ocrx_word' id='word_1_307' title='bbox 2914 4320 3130 4383; x_wconf 81' lang='lat' dir='ltr'>firmat</span> 
     </span>
    </p>
   </div>
   <div class='ocr_carea' id='block_1_4' title="bbox 661 4402 3247 4495">
    <p class='ocr_par' dir='ltr' id='par_1_7' title="bbox 661 4402 3247 4495">
     <span class='ocr_line' id='line_1_37' title="bbox 661 4402 3247 4495; baseline 0.007 -32"><span class='ocrx_word' id='word_1_308' title='bbox 661 4408 1146 4483; x_wconf 67' lang='lat' dir='ltr'>distinctionem,</span> <span class='ocrx_word' id='word_1_309' title='bbox 1178 4402 1426 4473; x_wconf 78' lang='lat' dir='ltr'>seilicet</span> <span class='ocrx_word' id='word_1_310' title='bbox 1466 4430 1582 4472; x_wconf 88' lang='lat' dir='ltr'>non</span> <span class='ocrx_word' id='word_1_311' title='bbox 1625 4413 1865 4474; x_wconf 88' lang='lat' dir='ltr'>incurri</span> <span class='ocrx_word' id='word_1_312' title='bbox 1908 4420 2124 4494; x_wconf 79' lang='lat' dir='ltr'>raptus</span> <span class='ocrx_word' id='word_1_313' title='bbox 2166 4417 2669 4495; x_wconf 78' lang='lat' dir='ltr'>impedimentum</span> <span class='ocrx_word' id='word_1_314' title='bbox 2700 4418 2960 4479; x_wconf 86' lang='lat' dir='ltr'>muliere</span> <span class='ocrx_word' id='word_1_315' title='bbox 2986 4436 3136 4479; x_wconf 85' lang='lat' dir='ltr'>con·</span> <span class='ocrx_word' id='word_1_316' title='bbox 3240 4415 3247 4429; x_wconf 77' lang='grc'><strong>”</strong></span> 
     </span>
    </p>
   </div>
   <div class='ocr_carea' id='block_1_5' title="bbox 661 4506 3133 4683">
    <p class='ocr_par' dir='ltr' id='par_1_8' title="bbox 661 4506 3133 4683">
     <span class='ocr_line' id='line_1_38' title="bbox 661 4506 3133 4592; baseline 0.006 -28"><span class='ocrx_word' id='word_1_317' title='bbox 661 4506 986 4579; x_wconf 64' lang='lat' dir='ltr'>sentiente,</span> <span class='ocrx_word' id='word_1_318' title='bbox 1034 4508 1089 4569; x_wconf 75' lang='lat' dir='ltr'>si</span> <span class='ocrx_word' id='word_1_319' title='bbox 1131 4510 1545 4587; x_wconf 78' lang='lat' dir='ltr'>praecesserit</span> <span class='ocrx_word' id='word_1_320' title='bbox 1573 4510 1647 4571; x_wconf 93' lang='lat' dir='ltr'>de</span> <span class='ocrx_word' id='word_1_321' title='bbox 1689 4512 2088 4575; x_wconf 86' lang='lat' dir='ltr'>matrimonio</span> <span class='ocrx_word' id='word_1_322' title='bbox 2130 4515 2390 4577; x_wconf 90' lang='lat' dir='ltr'>ineundo</span> <span class='ocrx_word' id='word_1_323' title='bbox 2431 4520 2774 4592; x_wconf 53' lang='lat' dir='ltr'>tractatum</span> <span class='ocrx_word' id='word_1_324' title='bbox 2806 4517 3043 4579; x_wconf 85' lang='lat' dir='ltr'>incurri</span> <span class='ocrx_word' id='word_1_325' title='bbox 3073 4520 3133 4579; x_wconf 77' lang='lat' dir='ltr'>ei</span> 
     </span>
     <span class='ocr_line' id='line_1_39' title="bbox 665 4609 1255 4683; baseline 0.008 -20"><span class='ocrx_word' id='word_1_326' title='bbox 665 4627 777 4663; x_wconf 68' lang='lat' dir='ltr'>mn</span> <span class='ocrx_word' id='word_1_327' title='bbox 820 4609 1255 4683; x_wconf 83' lang='lat' dir='ltr'>praecesserit.</span> 
     </span>
    </p>
   </div>
   <div class='ocr_carea' id='block_1_6' title="bbox 3491 4164 3499 4966">
    <p class='ocr_par' dir='ltr' id='par_1_9' title="bbox 3491 4164 3499 4966">
     <span class='ocr_line' id='line_1_40' title="bbox 3491 4164 3499 4966; baseline 0 0"><span class='ocrx_word' id='word_1_328' title='bbox 3491 4164 3499 4966; x_wconf 95' lang='lat' dir='ltr'> </span> 
     </span>
    </p>
   </div>
  </div>
 </body>
</html>
