3509 5317
730 482 889 543 ..23-

187 616 341 687 trahant
364 616 392 702 ¹,
425 618 592 689 maxime
616 618 648 687 si
672 620 936 690 contrahentes
961 622 1034 690 sint
1063 640 1181 708 prope
1209 641 1331 691 annos
1361 642 1426 710 pu·

190 724 363 811 bertatiS,
388 730 424 794 et
453 725 611 795 dubium
635 725 682 795 sit
704 745 752 795 an
777 727 916 797 malitia
938 728 1111 816 suppleat
1133 734 1292 799 aetatem
1317 729 1340 797 ².
1376 729 1427 799 Si·

188 833 356 921 quidem,
375 839 414 903 ut
436 834 697 904 animadvertit
719 834 888 905 Barbosa
905 833 928 923 ³,
952 854 1041 905 curn
1057 838 1093 904 in
1110 836 1230 925 capite
1254 838 1423 907 secundo

189 941 240 1010 de
263 941 554 1029 desponsatione
576 941 816 1028 impuberum
833 942 1004 1012 Pontifex
1020 942 1337 1031 dispensationem
1353 945 1423 1014 sibi

191 1068 269 1118 non
295 1049 552 1134 reservaverit,
578 1049 684 1119 tacite
708 1068 791 1120 eam
817 1051 1012 1138 Episcopis
1035 1052 1228 1121 concessit.

260 1159 292 1226 5.
317 1158 374 1225 Ex
398 1156 504 1226 dictis
526 1143 716 1244 intelliges,
741 1175 809 1226 cur
840 1157 1018 1245 Synodus
1054 1158 1273 1228 Libanensis
1307 1160 1425 1240 Maro

192 1266 358 1334 nitarum
387 1264 468 1334 loro
498 1264 606 1334 citato
635 1283 671 1333 n:
694 1267 716 1334 6
741 1263 764 1351 ⁴,
793 1265 986 1353 decernat,
1012 1271 1052 1335 ut
1081 1266 1272 1353 parochus
1299 1265 1425 1337 admo·

192 1372 293 1442 nitus
317 1372 364 1441 de
386 1372 512 1460 aliquo
537 1359 772 1443 matrimonio
796 1373 833 1441 in
857 1392 931 1443 sua
952 1374 1131 1464 parochia
1155 1373 1423 1460 contrahendo,

192 1485 341 1566 praeter
364 1485 486 1549 cetera
511 1487 716 1568 cognoscat
739 1484 865 1548 utrum
891 1480 1156 1551 contrahentes
1181 1481 1289 1550 «sint
1310 1479 1347 1548 in
1369 1497 1426 1550 ae·

193 1591 267 1656 tate
291 1586 464 1676 legitima,
488 1591 529 1656 ut
544 1587 600 1655 vir
614 1586 747 1657 saltem
763 1586 1063 1676 quatuordecim,
1083 1587 1216 1656 mulier
1233 1606 1322 1656 vero
1339 1584 1427 1657 duo·

83 1752 86 1756 ,
190 1692 313 1763 decim
336 1713 458 1765 annos
481 1696 688 1783 expleverit
703 1715 746 1783 »3
770 1732 794 1744 -
827 1713 988 1765 numero
1012 1701 1139 1766 autem
1162 1698 1184 1766 9
1206 1697 1229 1779 5
1251 1694 1301 1763 Vl
1333 1696 1427 1765 inter

194 1801 460 1889 impedimenta
483 1805 681 1875 dumtaxat
702 1800 959 1893 impedientia,
986 1823 1061 1873 non
1085 1810 1212 1874 autem
1236 1805 1330 1873 inter
1345 1802 1426 1872 diri·

192 1911 342 1997 mentia,
366 1930 466 1999 quae
481 1930 517 1980 n.
533 1914 555 1982 8
571 1912 732 2000 exponit,
750 1916 944 1981 recenseat
958 1910 1271 1998 impedimentum
1288 1908 1407 1980 aetat'
1470 1990 1473 1994 ,

194 2015 253 2085 his
277 2018 425 2087 verbis:
452 2017 604 2088 <Aaou
628 2018 749 2106 edam,
773 2038 872 2106 quae
900 2022 939 2087 ut
961 2036 1079 2102 supra
1102 2016 1242 2087 dictum
1273 2022 1350 2103 est,
1387 2016 1423 2085 in

194 2123 276 2192 viro
299 2122 597 2212 quatuordecim,
625 2127 719 2195 etin
744 2124 900 2195 muliere
916 2121 1110 2194 duodecim
1125 2140 1313 2193 annorum
1327 2111 1425 2192 'com-

190 2230 383 2321 pictorum
419 2252 506 2304 esse
540 2234 667 2304 debet:
691 2251 780 2303 nam
804 2239 891 2303 ante
915 2232 988 2301 hoc
1020 2236 1170 2319 tempus
1204 2230 1426 2300 contrahere

194 2356 272 2408 non
297 2337 399 2428 licet3
417 2340 491 2410 etsi
514 2342 723 2428 Episcopus
747 2341 782 2409 in
808 2340 938 2410 aetatis
961 2336 1108 2408 defectu
1132 2335 1278 2424 urgenti
1301 2353 1426 2405 neces

191 2446 302 2518 sitate
325 2448 545 2536 dispensare
568 2449 695 2538 possit,
720 2451 865 2518 attento
882 2464 1110 2536 sponsorum
1128 2446 1425 2534 temperamento

192 2558 237 2652 ct⁴
246 2549 458 2643 capacitate
473 2577 505 2624 ».
516 2592 539 2607 ·-
550 2557 723 2626 Ceterum
736 2554 915 2644 Synodus
927 2554 1209 2638 Maronitarum,
1223 2569 1323 2622 anno
1338 2552 1426 2621 1736

193 2660 231 2729 in
255 2663 382 2733 Monte
405 2663 547 2733 Libano
569 2663 765 2746 celebrata,
778 2662 986 2751 approbata
1009 2658 1076 2729 fuit
1100 2659 1135 2727 in
1151 2655 1424 2748 1666666661-

185 2766 274 2856 flca
296 2789 318 2840 a
342 2770 542 2841 Benedicta
566 2769 652 2839 XIV
674 2776 794 2840 const.
809 2767 1021 2860 Singularis
1045 2769 1309 2836 Romanorum
1333 2765 1428 2833 Pon·

195 2872 344 2965 afletam
367 2863 467 2946 die1
501 2877 725 2965 septembris
753 2895 811 2947 an.
842 2878 940 2945 1741.
970 2874 1103 2956 Quanti
1126 2882 1254 2944 autem
1279 2872 1427 2942 valeant

193 2983 422 3070 apostolicae
438 2983 546 3053 Sedis
561 2974 851 3073 approbationes
875 2983 1116 3071 synodorum
1141 2980 1178 3048 in
1201 2977 1324 3049 forma
1346 2997 1429 3065 spe·

193 3086 311 3177 eihsa,
329 3100 365 3160 et
378 3092 507 3179 quanti
529 3091 565 3158 in
589 3087 710 3160 forma
726 3090 920 3160 communi
935 3090 1044 3160 docet
1059 3087 1281 3158 Benedictus
1296 3084 1423 3171 X1V⁵,

193 3186 244 3268 de
267 3217 343 3286 quo
367 3198 504 3287 aliquid
528 3196 621 3268 intra
644 3198 814 3268 dicemus
832 3194 855 3266 ⁸.

246 3530 248 3533 Α
266 3463 277 3500 ¹
298 3461 437 3523 Sanchea
449 3465 507 3534 lib.
528 3464 559 3523 7.
576 3466 663 3540 disp.
683 3463 760 3524 104.
784 3481 819 3524 n.
847 3463 913 3532 12,·
927 3496 964 3509 -
980 3458 1183 3526 Reiffenstuel
1200 3461 1255 3522 tit.
1273 3462 1306 3522 4.
1324 3465 1372 3522 tit.
1390 3465 1425 3525 2.

195 3579 242 3621 a..
260 3560 314 3631 11,
327 3560 455 3640 aliique,
471 3567 506 3623 ut
526 3553 675 3631 Barboaa,
696 3555 859 3636 (16666166,
876 3562 1002 3635 Suarez,
1020 3561 1250 3640 Oastropalaus,
1273 3560 1425 3634 Hurtado,

196 3660 351 3737 Layman.

264 3745 434 3835 'Pirhing
456 3758 514 3816 loc.
538 3759 593 3816 cit.
617 3775 650 3816 a.
679 3755 733 3816 33.

265 3838 351 3913 a'Ad
371 3873 444 3931 cap.
468 3853 502 3913 2.
525 3855 565 3915 de
587 3856 772 3951 desponsat.
796 3856 920 3931 impab.
946 3873 981 3914 n.
1007 3854 1038 3913 5.
1063 3859 1095 3915 et
1116 3854 1156 3914 de
1175 3861 1331 3931 potestate
1348 3853 1429 3930 Epi·

197 3951 559 4128 ⁸⁶⁰i²'1?.315.⁹·2.³{·.t·
575 3953 639 4112 11.·
740 4048 816 4110 a.

266 4149 345 4209 ὕ116
367 4149 497 4224 Synodo
515 4139 575 4208 'aa
603 4148 655 4209 13.
679 4141 751 4226 cap.
777 4149 810 4208 5.
833 4168 869 4208 a.
899 4150 949 4207 11.

268 4246 382 4323 “Cap
407 4246 439 4304 4.
465 4253 527 4305 art.
552 4247 587 4308 4.
609 4247 628 4322 5
650 4251 684 4310 3.
708 4265 775 4306 nn..
794 4244 917 4305 25-26.
1014 4311 1016 4314 ¹
