3509 5317
730 454 889 513 -87..

629 699 903 771 ARTICULUS
930 699 987 767 ΙΙΙ.

194 876 238 943 ue
260 874 372 945 stantis
395 873 604 958 inpedimento
618 874 756 942 laederis
771 889 828 943 seu
856 873 1014 958 linaninis,
1029 874 1078 941 udi
1095 879 1127 940 et
1138 873 1175 940 de
1191 874 1316 942 nasibus
1332 879 1424 957 atoue

276 974 460 1053 rationibus,
493 974 601 1056 auidus
631 972 732 1039 inituro
763 973 934 1056 ooniuoiun
963 972 1146 1052 dissolvitur,
1175 973 1356 1057 praesertin
1387 972 1423 1039 de

276 1072 381 1141 suronri
404 1071 517 1139 ronani
541 1068 705 1139 Pontitiois
733 1069 963 1155 dispensatione
985 1088 1003 1137 a
1025 1070 1144 1139 uinculo
1166 1071 1343 1139 natriroonii
1366 1072 1423 1139 rati

277 1188 336 1239 non
358 1170 566 1249 consummati,
589 1168 686 1252 deque
710 1185 785 1236 oasu
809 1169 1021 1236 conversionis
1037 1167 1212 1237 alterutrius
1233 1169 1372 1252 oonioois
1387 1168 1423 1235 ad

277 1269 390 1338 christi
412 1269 511 1337 lidenr
526 1274 558 1336 et
579 1266 834 1351 interpellationis
856 1267 944 1335 alteri
966 1267 1143 1335 laniandae.

240 1465 293 1538 t.
320 1461 432 1530 Sionis
455 1458 589 1545 foedius
613 1478 681 1528 seu
706 1458 866 1546 donnico
890 1466 946 1528 cst
963 1459 1184 1527 matrimonii
1210 1458 1331 1528 valide
1347 1457 1423 1525 initi

195 1570 398 1655 vinculum,
422 1589 498 1657 quo
522 1570 703 1658 coniuges
719 1571 766 1638 ita
782 1569 876 1638 inter
892 1588 933 1638 se
950 1569 1242 1657 obstringuntur,
1260 1575 1308 1651 ut,
1328 1574 1423 1638 utro·

194 1698 268 1766 que
293 1679 449 1763 vivente,
474 1686 606 1747 neuter
635 1677 735 1747 aliud
761 1677 1039 1746 matrimonium
1068 1676 1188 1745 valide
1216 1677 1421 1745 contrahat.

193 1823 215 1834 -
241 1787 321 1856 Hoc
343 1792 470 1857 autem
487 1785 795 1872 impedimentum
816 1783 995 1855 fundatur
1024 1787 1058 1853 in
1088 1783 1231 1853 uanitate
1255 1794 1292 1853 et
1314 1780 1423 1851 indis·

194 1891 419 1962 saltabilitntc
442 1893 615 1981 nuptialis
638 1891 799 1962 foederis
822 1891 948 1963 divino
966 1894 1045 1961 iure
1060 1892 1223 1961 sancitis.
1248 1890 1315 1958 Vei
1340 1891 1419 1976 ipsa

194 2003 292 2072 enim
318 2003 413 2071 inter
437 2001 566 2077 mundi
591 1998 794 2088 primordia
819 2000 865 2069 itu
896 2002 996 2069 Deus
1021 1999 1299 2069 matrimonium
1326 1997 1421 2065 insti·

196 2112 274 2195 tuit,
301 2119 342 2178 ut
359 2127 466 2196 unus
488 2126 575 2177 cum
602 2127 674 2176 una
700 2108 884 2176 duntaxat
915 2108 1213 2196 coniungantur,
1240 2108 1288 2175 uti
1318 2106 1425 2193 Spiri-

197 2223 255 2286 tus
281 2217 346 2285 Dei
369 2216 541 2284 instinctu
560 2215 676 2302 inquit
692 2212 829 2283 Adam:
854 2214 999 2282 Homo.
1015 2267 1044 2281 ..
1068 2211 1288 2283 adhaerebit
1304 2211 1426 2280 timori

195 2344 301 2410 siros,
330 2331 365 2391 et
389 2327 501 2391 erunt
525 2321 601 2391 dno
628 2321 666 2390 in
697 2308 916 2391 curne'nnn
935 2322 956 2388 ¹.
993 2321 1161 2392 Christus
1195 2329 1320 2392 autem
1358 2323 1425 2392 Do·

197 2434 323 2501 minus
361 2430 641 2500 matrimonium
677 2430 724 2498 ad
758 2429 954 2517 pristinum
991 2432 1254 2518 monogamiae
1282 2435 1419 2500 statum

195 2540 522 2626 conditionemque
547 2538 700 2607 restituit
719 2555 837 2624 quum
856 2537 1063 2624 praemissa
1091 2538 1282 2605 Geneseos
1307 2536 1419 2606 verba

195 2664 396 2715 resumens
419 2644 546 2730 (erunt
561 2643 637 2714 duo
653 2643 690 2711 in
713 2662 829 2713 corne
853 2645 943 2728 nno)
966 2644 1165 2714 conclusit:
1191 2646 1322 2733 ltaque
1349 2645 1425 2715 iona

195 2772 270 2822 non
294 2757 384 2821 sunt
405 2751 502 2838 due,
529 2751 596 2822 sed
620 2771 697 2820 nna
720 2769 821 2820 curo.
851 2750 959 2828 Quod
982 2752 1071 2840 erqo
1088 2752 1191 2821 Deus
1214 2750 1421 2838 eonirrnoeit,

98 2920 102 2928 .
193 2862 305 2929 tomo
328 2878 404 2929 non
427 2864 580 2949 separet
596 2859 619 2926 ².
643 2858 836 2929 Concludit
859 2866 986 2929 autem
1018 2861 1120 2947 quod
1155 2859 1187 2927 si
1217 2862 1298 2948 quis
1320 2859 1425 2930 mnni-

196 2965 289 3035 serit
323 2984 487 3034 uxorem
522 2985 657 3051 suom,
684 2966 765 3035 sive
799 2966 880 3034 iure
912 2968 960 3035 ob
989 2965 1212 3036 adulterium
1246 2970 1376 3036 uxoris
1400 2965 1423 3053 ³,

194 3075 274 3142 siue
306 3073 449 3160 iniuria,
481 3073 585 3141 nulla
614 3073 752 3143 scilieet
781 3072 1014 3162 suffragante
1046 3074 1204 3162 legitima
1237 3093 1364 3160 causa,
1388 3079 1426 3143 et

193 3180 312 3251 odom
334 3179 509 3266 duruerit,
535 3182 770 3265 moechatur,
790 3187 826 3250 et
841 3180 907 3269 quii
927 3180 1121 3251 dimissam
1138 3180 1312 3267 domarit,
1331 3201 1425 3251 neoc

263 3415 273 3451 ¹
295 3414 403 3473 Genea.
429 3430 500 3487 cop.
525 3411 556 3469 2.
583 3431 610 3471 e.
636 3410 692 3468 24.

264 3513 412 3572 ‘Mattla
437 3528 509 3587 cop.
537 3508 590 3569 19.
615 3529 643 3569 o.
669 3510 700 3569 6.

262 3610 371 3671 ³Post
402 3609 617 3670 Florentinum
652 3609 823 3669 Concilium
859 3610 1044 3669 Tridentino
1078 3610 1219 3685 Synodus
1254 3629 1330 3669 sess.
1365 3610 1421 3671 24.

195 3729 271 3769 cun.
294 3710 322 3767 7.
344 3709 502 3770 delinivit:
526 3709 594 3770 «si
615 3710 684 3786 quis
704 3709 832 3779 dixerit,
857 3708 1027 3767 Ecclesiam
1049 3727 1157 3768 errare
1177 3728 1245 3769 oum
1268 3711 1372 3770 doeuii
1393 3716 1425 3771 et

194 3807 293 3878 docet,
316 3806 405 3866 iuxta
426 3806 642 3884 evangelicam
663 3811 695 3865 et
716 3805 919 3882 apostolicam
941 3804 1126 3876 doctrinam,
1156 3814 1282 3884 propter
1306 3808 1426 3867 adulte·

194 3905 275 3964 rium
297 3903 428 3963 alterius
448 3904 612 3981 coniugum
634 3902 824 3962 matrimonii
848 3902 1004 3961 vinculum
1028 3920 1086 3961 non
1108 3920 1195 3980 posse
1223 3887 1370 3979 dissolvi3
1393 3909 1426 3965 et

194 4007 357 4077 utrumque
380 4002 428 4060 vel
443 4000 539 4061 etiam
560 4001 765 4070 innocentem,
780 4000 833 4075 qui
854 4016 979 4059 oausam
999 3998 1152 4059 adulterio
1174 4018 1232 4059 non
1254 4001 1349 4073 dedit,
1366 4020 1424 4061 non

195 4115 292 4174 posse,
315 4100 415 4158 altero
436 4098 566 4174 coniuge
590 4098 727 4167 vivente,
751 4096 834 4155 aliud
856 4096 1088 4156 matrimonium
1119 4098 1322 4172 contrahere3
1345 4117 1426 4158 moe·

194 4196 342 4271 charique
363 4213 432 4255 eum
452 4195 517 4271 qui,
534 4195 661 4254 dimissa
682 4194 837 4266 adultera,
860 4194 955 4253 aliam
978 4195 1115 4265 duxerit,
1131 4199 1164 4254 et
1184 4212 1252 4253 eam
1273 4213 1363 4271 quae,
1381 4196 1427 4255 di·

198 4293 288 4353 uniam
319 4291 472 4364 adultero,
495 4292 552 4352 alii
574 4293 725 4369 nupserit,
748 4292 916 4351 anathema
937 4291 981 4351 sit
995 4309 1023 4348 a.
1048 4322 1086 4336 -
1108 4292 1226 4351 Dahae
1247 4292 1425 4370 dogmatica

197 4390 331 4451 veritate
360 4392 390 4449 in
413 4390 622 4450 Orientalium
646 4388 791 4466 ¹gratiam
823 4388 890 4447 inse
911 4387 1038 4448 disserit
1059 4388 1223 4465 Philippus
1254 4388 1290 4448 de
1311 4389 1426 4449 Carbo-

197 4505 293 4570 neano
307 4488 339 4547 in
350 4487 542 4564 Appenddce
557 4487 579 4543 2
594 4488 637 4545 ad
652 4494 745 4545 truci.
763 4487 803 4544 de
817 4489 964 4543 matrim.
981 4485 1125 4561 Theoloy.
1145 4488 1262 4546 morat.
1279 4488 1425 4546 Antoine

197 4585 264 4643 «de
282 4579 454 4647 Orientalis
474 4570 630 4645 Ecclesiae
656 4584 741 4644 circa
758 4583 992 4644 matrimonium
1013 4583 1213 4662 disciplina»
1235 4593 1300 4644 not.
1321 4584 1344 4640 2
1364 4584 1421 4665 (*).
