3509 5317
1742 511 2099 572 -110—

695 641 877 711 inire
926 644 1258 730 nuptias;
1308 643 1415 713 sic
1462 651 1541 714 ut
1590 663 2011 716 conversus
2057 649 2337 718 coniux
2383 650 2480 718 ad
2526 649 2666 719 alia
2719 650 2956 737 possit
2987 657 3154 721 vota

696 749 1096 818 convolare
1157 768 1256 819 ex
1313 749 1561 819 divino
1621 752 2004 842 privilegio
2069 775 2202 842 per
2256 756 2575 826 Paulum
2639 757 3151 846 promulgato,

695 857 1226 945 inquirendum
1275 866 1389 928 est
1432 878 1526 929 an
1577 861 1857 929 coniux
1905 861 2223 932 infidelis
2263 864 2514 951 reipsa
2544 861 2907 949 discedat,
2949 864 3157 1000 iuxta

697 966 1028 1052 Apostoli
1080 968 1437 1054 phrasim.
1486 1014 1494 1022 -

830 1074 939 1142 41.
980 1074 1167 1142 Cum
1193 1075 1410 1163 igitur
1434 1072 2027 1164 interpellatione
2051 1077 2391 1166 coniugis
2417 1075 2734 1146 infidelis
2757 1097 2851 1147 ea
2876 1080 3157 1148 ratione
3247 1148 3256 1157 ,

699 1198 894 1267 opus
940 1180 1053 1265 sit,
1093 1186 1172 1250 ut
1199 1181 1294 1249 de
1328 1181 1666 1251 eiusdem
1703 1179 2153 1252 discessione
2182 1190 2487 1268 constet,
2522 1185 2784 1270 merito
2818 1185 3156 1254 Sanchez

698 1287 1223 1376 obligationem
1282 1288 1888 1376 interpellationis
1955 1290 2210 1360 limitat
2266 1309 2404 1361 seu
2463 1291 2790 1361 excludit
2850 1292 3155 1379 quando

698 1395 998 1465 aliunde
1047 1414 1179 1482 per
1228 1395 1725 1465 sufficientem
1755 1398 2275 1483 probationem
2323 1396 2717 1466 moraliter·
2745 1403 3034 1467 constet
3066 1399 3155 1468 de

700 1503 1192 1572 obstinatione
1241 1502 1555 1574 infidelis
1593 1503 1633 1570 ¹.
1748 1579 1756 1590 ,

836 1611 1022 1677 Hinc
1084 1629 1232 1678 non
1299 1617 1589 1680 tenetur
1650 1629 2073 1680 conversus
2130 1612 2410 1680 coniux
2475 1613 2942 1700 interpellare
3006 1632 3154 1681 nun

700 1736 1153 1787 conversum
1207 1720 1273 1787 1’
1319 1719 1623 1806 quando
1673 1722 2013 1804 constat,
2083 1737 2261 1788 eum
2310 1720 2507 1790 nolle
2558 1721 2798 1789 redire
2846 1720 2942 1789 ad
2993 1739 3159 1789 con-

708 1845 1050 1911 versum,
1116 1846 1484 1914 respuens
1544 1828 1853 1895 omnino
1911 1828 2337 1896 convictum
2399 1833 2471 1896 et
2531 1826 3155 1896 cohabitationem

701 1951 878 2002 cum
927 1937 1245 2023 coniuge
1292 1933 1510 2019 fideli,
1563 1936 1654 2004 ita
1708 1943 1788 2003 ut
1834 1935 2220 2021 explorata
2275 1935 2638 2004 habeatur
2680 1933 2993 2022 physica
3024 1933 3159 2004 dis-

701 2039 932 2109 cessio
978 2042 1318 2130 coniugis
1365 2041 1718 2128 infidelis,
1785 2050 1865 2111 ut
1912 2043 2370 2130 contingeret
2417 2043 2486 2110 in
2536 2060 2757 2129 casu,
2805 2061 2959 2130 quo
3008 2041 3164 2111 infi-

701 2149 889 2218 delis
959 2149 1320 2219 malitiose
1390 2149 1691 2239 fugerit,
1766 2150 1879 2220 vel
1969 2150 2188 2220 latitet
2257 2169 2351 2219 ne
2439 2149 2940 2237 interpelletur
2982 2147 3049 2235 ²;
3117 2187 3162 2200 -

701 2256 773 2324 2⁰
807 2257 1110 2343 quando
1135 2262 1457 2341 constat,
1492 2259 1694 2327 hunc
1722 2257 1910 2326 velle
1943 2257 2245 2344 quidem
2284 2258 2523 2326 redire
2556 2256 2649 2325 ad
2678 2275 3157 2335 conversum,

705 2363 838 2431 scd
887 2382 1063 2431 cum
1111 2365 1477 2434 Creatoris
1524 2365 1828 2448 iniuria,
1888 2365 1979 2433 ita
2032 2370 2110 2432 ut
2154 2376 2536 2450 comperta
2589 2364 2952 2433 habeatur
3000 2365 3164 2434 eius

703 2469 1014 2538 moralis
1061 2469 1428 2539 discessio.
1480 2508 1520 2520 -
1573 2473 1774 2540 Haec
1812 2477 2061 2541 autem
2096 2476 2444 2540 constare
2479 2471 2686 2558 prius
2717 2471 2992 2540 debent
3030 2489 3164 2558 per

705 2594 1150 2662 processum
1182 2579 1444 2648 saltem
1480 2580 1981 2649 summarium
2020 2586 2091 2648 et
2117 2579 2777 2664 extraiudicialem,
2810 2578 2908 2647 uti
2935 2578 3165 2667 exigit

706 2684 1112 2772 Gregorius
1161 2688 1330 2756 XIlI
1380 2689 1452 2755 in
1501 2706 1644 2756 suo
1694 2689 1907 2755 Brevi
1957 2687 2103 2756 sub
2156 2687 2274 2754 die
2319 2689 2409 2754 25
2462 2685 2769 2756 ianuarii
2830 2686 3005 2754 1585
3038 2684 3087 2752 ⁸.
3122 2722 3164 2735 -

620 2836 628 2841 -
706 2799 792 2865 Et
862 2798 1046 2865 haec
1115 2797 1184 2863 in
1257 2795 1651 2882 hypothesi
1713 2792 1916 2882 quod
1990 2793 2548 2862 matrimonium
2627 2790 2846 2861 fuerit
2921 2791 3164 2862 valide

705 2904 776 2971 in
829 2901 1252 2972 infidelitate
1298 2907 1788 2971 contractum.
1860 2903 2022 2969 Non
2074 2918 2272 2969 enlm
2321 2918 2517 2986 opus
2564 2906 2678 2968 est
2730 2903 2811 2967 ut
2875 2905 3165 2969 constet

703 3011 799 3079 de
845 3010 1183 3098 coniugis
1232 3008 1548 3078 infidelis
1587 3006 2013 3098 pertinacia
2075 3026 2214 3077 seu
2267 3004 2708 3075 discessione
2769 3007 2866 3076 ad
2915 3008 3164 3076 exclu-

704 3117 1032 3185 dendam
1082 3117 1684 3204 interpellationis
1732 3116 2249 3185 necessitatem
2313 3133 2451 3183 seu
2500 3114 3048 3202 obligationem,
3101 3116 3160 3183 si

703 3221 772 3291 3ο
799 3229 1002 3292 certo
1024 3223 1463 3308 eonstiterit,
1486 3224 1947 3292 connubium
1975 3240 2153 3290 curn
2181 3221 2302 3289 illo
2328 3222 2401 3288 in
2430 3220 2851 3291 infidelitate
2876 3221 3160 3307 initum,

705 3329 935 3410 fuisse
981 3329 1392 3400 invalidam
1443 3330 1556 3399 vel
1618 3332 1717 3400 ob
1764 3328 2136 3399 defectum
2193 3328 2400 3398 liberi
2446 3346 2905 3414 consensus;
2952 3365 2999 3379 -
3046 3328 3163 3398 vel

705 3438 804 3506 ob
852 3437 1178 3525 aliquam
1215 3438 1707 3506 conditionem
1761 3435 2223 3506 substantiae
2256 3434 2704 3504 matrimonii
2745 3453 3163 3523 repugnan-

707 3551 856 3613 tem
910 3546 980 3612 in
1025 3550 1195 3614 actu
1245 3546 1408 3632 ipso
1465 3544 1949 3613 contrahendi
1984 3544 2406 3631 appositam
2440 3540 2495 3628 ἰ;
2544 3579 2589 3592 -
2636 3541 2754 3611 vel
2786 3542 2885 3611 ob
2919 3542 3160 3631 legem

705 3648 1288 3721 dissolubilitatis
1351 3653 1420 3718 in
1478 3652 1636 3720 loco
1685 3658 2117 3720 contractus
2175 3647 2490 3751 fortasse
2544 3651 2913 3736 vigentem
2974 3649 3157 3718 etin

706 3766 875 3828 actu
943 3758 1429 3828 contrahendi
1492 3759 1664 3829 sive,
1714 3759 1812 3827 ab
1877 3762 2194 3844 utroque
2252 3756 2570 3841 coniuge
2629 3756 2791 3824 sive
2851 3756 2951 3826 ab
3013 3773 3157 3824 uno

846 3936 863 3973 ¹
909 3936 1064 3995 Vide
1108 3938 1387 3997 Sanchez
1435 3935 1542 3994 lib.
1594 3938 1660 3994 7.
1709 3936 1880 4010 disp.
1930 3935 2044 3993 74.
2102 3954 2162 3991 n.
2213 3934 2314 3991 13.
2366 3941 2427 3990 ec
2468 3951 2535 3991 n.
2592 3933 2699 3999 18,
2747 3934 2847 3990 ubi
2878 3932 2952 3990 de
2997 3932 3161 3990 indu·-

706 4034 821 4092 ciis
866 4034 1100 4091 infideli
1144 4034 1544 4092 concedendis
1585 4034 1858 4093 disserit.

838 4133 864 4170 2
906 4134 1060 4192 Vide
1106 4134 1483 4193 Clericatum
1527 4134 1606 4191 de
1653 4133 1928 4190 matrim
1970 4133 2166 4190 decis.
2226 4131 2332 4191 11.
2384 4148 2502 4196 nn,
2549 4126 2802 4189 25-26.

840 4240 862 4274 ³
912 4242 1112 4302 Habes
1180 4242 1289 4298 hoc
1353 4240 1782 4299 documentum
1824 4239 2111 4316 Gregorii
2156 4238 2307 4298 XIII
2351 4237 2543 4296 etiam
2588 4237 2647 4294 in
2693 4236 2802 4294 cit.
2858 4232 3163 4293 Gouma-

709 4355 840 4398 νεα
887 4339 1235 4398 Societatis
1280 4339 1710 4406 iliis-sianum,
1758 4346 1933 4413 part.
1988 4337 2050 4395 2.
2100 4353 2245 4412 cap.
2296 4335 2362 4395 9.
2409 4335 2539 4411 53.
2586 4335 2665 4392 de
2708 4328 2952 4407 imped.
3006 4331 3165 4407 liga-

707 4436 939 4500 minis,
988 4454 1050 4492 n.
1105 4434 1262 4492 920.
1312 4451 1464 4508 paq.
1516 4436 1677 4493 408.
1724 4436 1834 4495 cit.
1884 4435 2033 4494 edit.
2688 4480 2698 4494 .

842 4534 866 4570 ⁴
909 4533 1136 4592 Recole
1198 4552 1356 4608 quae
1417 4549 1602 4609 supra
1664 4533 1935 4593 diximus
1981 4551 2124 4607 οἰρ.
2187 4533 2240 4591 Ι.
2290 4540 2415 4589 art.
2477 4530 2534 4588 1.
2584 4545 2705 4586 nn.
2756 4527 2908 4592 4-5,
2952 4528 3053 4585 ubi
3095 4526 3164 4584 de

705 4631 1156 4690 conditionibus
1200 4633 1261 4689 in
1306 4637 1449 4689 actu
1493 4632 1897 4690 contrahendi
1944 4631 2406 4690 matrimonium
2450 4628 2767 4706 appositis,
