3509 5317
660 504 855 576 ,-75-

163 637 299 724 nuptiis
323 642 443 706 extro
460 635 663 707 Ecclesium
684 644 719 708 et
733 637 876 735 absque
890 640 1050 730 parochi
1065 639 1312 711 benedictione
1328 642 1391 710 im·

159 744 258 835 pleri
271 742 424 814 minime
438 743 598 834 possint,
626 763 647 817 e
685 748 838 834 quando
855 747 891 814 in
911 748 1135 835 promiscuis
1153 749 1254 818 hisce
1270 750 1394 818 coniu-

162 854 232 942 giis
246 852 422 922 ineundis
439 851 595 922 toterari
608 859 720 941 queat
734 872 820 924 mos
836 853 1038 925 adhibendi
1054 857 1164 926 ritum
1183 875 1252 936 pro
1270 857 1393 928 matri·

163 961 299 1030 moniis
315 961 580 1031 contrahendis
597 962 629 1029 in
647 961 870 1032 dioecesano
888 962 1023 1032 Rituali
1039 963 1199 1049 legitime
1216 965 1392 1050 praescri-

84 1103 91 1112 ·
163 1074 280 1157 ptum,
305 1067 464 1138 exclusa
486 1073 611 1139 tamen
636 1087 788 1155 seniper
810 1070 949 1139 Missae
972 1070 1255 1140 celebratione»
1275 1070 1297 1138 ¹.

230 1177 283 1244 14.
310 1175 403 1257 Quid
430 1181 554 1245 tamen
579 1175 669 1244 iuris
700 1176 827 1264 quoad
850 1166 1101 1248 assistentiam
1127 1180 1281 1266 parochi
1308 1198 1392 1248 con·

161 1283 270 1371 iugiis
295 1283 434 1353 mixtae
457 1283 654 1371 religionis,
679 1284 710 1354 si
734 1293 824 1370 pars
847 1285 1048 1356 acatholica
1075 1305 1233 1373 prorsus
1256 1290 1391 1376 exigat,

162 1399 203 1461 ut
225 1391 351 1479 proles
375 1392 434 1460 sui
457 1411 576 1461 sexus
599 1411 711 1462 suam
736 1392 951 1482 religionem
977 1399 1160 1465 sectetur?
1185 1397 1321 1466 Poterit
1344 1415 1392 1466 na

161 1499 354 1570 eiusmodi·
372 1500 608 1572 matrimonio
633 1501 823 1588 parochus
847 1502 1046 1572 assisteret

230 1606 412 1687 Quamvis
435 1606 471 1675 S.
489 1606 622 1695 Congr.
641 1608 890 1695 luquisitionis
914 1609 973 1678 die
998 1610 1394 1681 17iun111829rescri-

162 1714 287 1801 pserit,
312 1712 450 1783 dehere
474 1714 681 1800 parochum
708 1733 750 1784 se
772 1712 960 1784 abstisere
982 1738 1008 1786 a
1031 1734 1264 1807 otiosumque
1282 1715 1394 1787 inter·

162 1824 298 1904 centu,
330 1825 454 1890 tamen
482 1821 519 1888 in
545 1820 791 1890 [astructione
814 1822 937 1892 addita
964 1823 1088 1894 litteris
1112 1826 1277 1913 Gregorii
1302 1828 1391 1895 XVI

161 1924 208 1994 ad
223 1926 424 1996 Primatem
439 1930 474 1995 et
484 1926 914 2015 EpiscoposHungariae
926 1931 1023 1999 datis
1034 1931 1093 2000 die
1105 1933 1391 2021 20aprilis1841,

163 2033 256 2104 haec
275 2034 475 2104 hahentur:
502 2054 520 2098 ‹
540 2033 707 2103 Toleruri
723 2055 837 2123 posse
861 2037 948 2120 (Sua
968 2038 1163 2124 Sanctitas)
1180 2041 1392 2124 declaravit

162 2145 201 2210 ut
224 2142 371 2229 quoties
395 2147 701 2237 extemporum,
726 2142 897 2213 locorum
928 2164 973 2215 ac
996 2165 1244 2232 personarum
1270 2150 1392 2218 condi·

161 2249 259 2316 tione
293 2249 572 2318 matrimonium
602 2250 793 2320 acatholici
819 2252 885 2320 viri
917 2270 1005 2321 cum
1030 2254 1207 2324 catholica
1236 2256 1392 2327 muliere

161 2363 197 2428 et
220 2357 397 2443 vicissim,
421 2355 566 2426 omissis
591 2356 673 2427 lieet
697 2358 916 2429 necessariis
940 2360 1187 2449 edictiom'bas,
1214 2365 1295 2434 sine
1311 2383 1392 2452 gra·

162 2466 251 2534 viori
278 2464 491 2534 discrimine
514 2471 676 2553 nequeat
699 2467 878 2555 impediri,
901 2475 1014 2555 atque
1034 2470 1188 2557 insuper
1204 2472 1391 2542 Ecclesiae

162 2574 300 2644 utilitati
318 2575 587 2662 communique
604 2575 703 2644 hono
719 2576 899 2662 expedire
917 2576 1097 2663 videatur,
1109 2579 1140 2646 si
1158 2578 1247 2648 illud
1263 2572 1392 2667 quam·

162 2684 218 2752 vis
243 2684 397 2753 vetitum
420 2689 458 2753 et
480 2683 658 2770 illicitum,
687 2703 816 2756 coram
849 2686 1031 2755 catholico
1063 2689 1229 2774 parocho
1258 2691 1391 2776 potius

161 2810 275 2878 quam
301 2808 430 2861 coram
464 2792 646 2861 ministro
663 2792 888 2880 acatholico,
913 2794 961 2863 ad
986 2813 1099 2881 quem
1130 2806 1256 2883 partes
1286 2795 1391 2866 facile

160 2897 414 2988 confugerent,
428 2900 678 2986 contrahatur,
695 2898 794 2968 idem
811 2901 1017 2971 catholicus
1033 2903 1233 3000 parochus
1247 2903 1392 2975 aliusve

160 3008 340 3077 sacerdos
364 3007 445 3077 eius
469 3007 548 3076 vice
572 3005 743 3096 fungens,
769 3009 1007 3078 matrimonio
1024 3012 1104 3097 ipsi,
1121 3011 1300 3080 materiali
1317 3017 1393 3081 tau·

159 3119 240 3185 tum
265 3115 490 3202 praesentia,
516 3114 618 3184 nullo
653 3115 818 3185 adhibito
849 3117 1099 3187 ecclesiastico
1127 3119 1214 3205 ritu,
1240 3119 1389 3206 intersit,

160 3223 315 3312 perinde
338 3241 383 3291 ac
406 3222 435 3289 si
462 3226 587 3306 partes
610 3222 719 3291 unice
742 3231 830 3310 agat
853 3225 946 3293 meri
971 3226 1082 3312 testiS,
1109 3231 1148 3294 ut
1170 3226 1283 3313 aiunt
1304 3246 1392 3314 qua-

161 3328 283 3399 lificati
308 3347 376 3398 seu
393 3326 693 3414 arrthorisobilis,
721 3330 771 3397 ita
787 3330 934 3414 scilieet,
953 3339 993 3400 ut
1009 3334 1204 3420 utriusque
1220 3335 1390 3420 coniugis

160 3436 285 3506 audito
310 3452 510 3521 consensu,
535 3435 712 3522 deinceps
736 3455 805 3523 pro
821 3457 893 3506 suo
909 3437 1031 3507 offlcio
1047 3446 1172 3508 actum
1192 3441 1311 3510 valide
1327 3459 1389 3529 ge·

160 3551 260 3614 stum
286 3543 322 3610 in
346 3543 671 3612 matrimoniorum
695 3543 830 3614 lihrum
857 3545 978 3614 valeat
1002 3544 1139 3614 referre
1159 3567 1177 3609 s
1196 3545 1219 3613 ².

547 3808 551 3812 ,
608 3741 882 3816 ARTICULUS
900 3742 952 3812 ll.v

241 3862 285 3930 lle
309 3862 517 3946 inpedimento
544 3864 603 3929 voti
626 3864 772 3931 solennis
795 3865 951 3930 castitatis
969 3864 1030 3930 -vel
1051 3865 1079 3931 in
1103 3863 1308 3931 Protesstooe

259 3943 404 4027 religiosa
426 3943 472 4010 val
497 3946 524 4010 io
546 3947 745 4049 susceptione
765 3961 927 4014 sacrorum
949 3945 1088 4014 ordinum
1111 3946 1283 4027 nuncupati.

226 4099 259 4165 1.
288 4096 498 4167 Bonilacius
520 4098 604 4167 Vlll
630 4099 803 4169 decretali
827 4100 874 4170 de
899 4106 985 4170 voto
1009 4102 1058 4170 ita
1073 4101 1258 4170 eiusmodi
1275 4102 1391 4189 impe-

161 4205 369 4273 dimentum
395 4206 590 4293 perspicue
614 4203 842 4276 declarando
866 4208 1009 4305 sannit:
1030 4207 1156 4306 ¹<laod
1185 4214 1311 4278 uotum
1335 4209 1393 4279 de

161 4307 246 4381 beot
268 4309 343 4382 diei
364 4311 541 4399 solemne,
567 4334 614 4384 ac
640 4313 692 4383 od
723 4299 976 4386 dirimendam
1006 4314 1290 4387 matrimonium
1312 4317 1391 4408 effi·

161 4437 254 4503 cos,
283 4437 351 4488 nos
368 4419 567 4504 ,consuere
591 4420 749 4506 coluisti.
777 4422 856 4504 Nos
876 4422 991 4512 igitar
1014 4423 1263 4510 attendentes,
1290 4423 1392 4513 quod

229 4543 238 4580 ¹
261 4544 309 4604 Ex
330 4545 385 4604 cit.
410 4545 557 4606 instruct.
574 4544 649 4604 Etsi
663 4545 901 4606 Sanctissimae
923 4549 1026 4608 relata
1045 4549 1076 4607 in
1094 4549 1268 4626 Appendice
1289 4549 1319 4610 5.
1365 4563 1368 4568 ⁴

226 4621 239 4660 ³
260 4624 347 4702 Apud
369 4625 561 4697 Roskovaui,
585 4633 659 4686 tom.
683 4624 717 4685 2.
738 4644 816 4703 pap.
842 4628 923 4688 818.
1326 4679 1328 4682 ,
