3509 5317
880 456 1058 551 -aas-

357 624 596 711 conditiones
622 645 721 713 quae
750 628 846 698 inter
869 626 1078 697 dirimentis
1103 626 1374 716 'impedimenta
1399 629 1595 700 recenseri

357 733 482 802 adhuc
499 739 666 819 possunt,
684 752 858 821 quaeque
874 734 911 802 in
929 742 1079 823 pactum
1104 755 1125 805 a
1151 735 1377 824 coniugibus
1392 734 1594 822 deductae,

357 858 455 927 quae
478 840 596 926 ipsius
622 840 845 909 matrimonii
874 841 1106 912 substantiae
1129 847 1383 929 opponuntur,
1407 842 1593 930 quemad·

359 948 513 1017 modum
545 965 611 1018 eas
635 949 670 1016 in
695 947 979 1020 Calvinistarum
1012 951 1233 1037 praesertim
1261 949 1512 1020 matrimoniis
1539 950 1593 1018 in·

356 1057 500 1143 terponi
516 1056 648 1142 solere,
666 1056 816 1143 plurimi
832 1056 1032 1144 affirmant,
1046 1076 1121 1144 qua
1138 1057 1186 1127 de
1211 1076 1251 1127 re
1259 1058 1416 1147 egregie
1439 1058 1592 1127 disserit

357 1161 579 1234 Benedictus¹
593 1165 683 1233 XIV
707 1165 742 1231 in
761 1163 911 1233 laudato
928 1183 1042 1252 opere
1059 1165 1106 1235 de
1130 1165 1283 1252 Synodo
1303 1163 1324 1262 ¹:
1341 1167 1474 1254 Neque
1498 1166 1593 1236 satis

357 1276 547 1357 praeterea
566 1276 665 1341 esset
681 1272 794 1340 unius
810 1270 1009 1344 dumtaxat
1024 1272 1156 1343 iudicis
1171 1274 1350 1343 sententia
1366 1279 1490 1344 totum
1515 1274 1589 1343 hoc

356 1381 546 1469 negotium
567 1380 774 1450 absolvere.
791 1383 850 1450 Ex
862 1388 1069 1451 memorata
1083 1381 1183 1451 enim
1203 1379 1372 1450 eiusdem
1397 1381 1593 1450 Benedicti

355 1487 445 1555 XlV
468 1487 726 1557 constitutione
750 1487 942 1557 decretum
975 1495 1047 1573 est,
1073 1491 1157 1574 post
1179 1487 1340 1574 primam
1362 1489 1591 1557 sententiam

356 1594 578 1663 matrimonii
608 1594 811 1664 nullitatem
845 1593 1109 1664 decernentem
1133 1593 1182 1663 ab
1210 1592 1329 1679 ipsius
1360 1592 1590 1663 matrimonii

356 1698 553 1770 defensore
576 1701 886 1788 interponendam
910 1719 996 1770 esse
1020 1699 1320 1788 appellationem,
1345 1717 1444 1786 quae
1469 1698 1586 1768 side

356 1811 503 1876 seratur
526 1808 575 1877 ob
592 1807 770 1879 malitiam
787 1807 846 1876 vel
863 1808 1094 1878 oscitantiam
1121 1807 1178 1876 vel
1201 1805 1448 1876 collusionem
1465 1804 1591 1876 delen·

356 1913 463 1998 soris,
488 1915 519 1983 is
543 1915 605 2002 qui
631 1933 680 1984 ex
703 1916 943 2004 coniugibus,
964 1934 1037 1983 non
1069 1913 1243 1984 absoluto
1267 1915 1372 2001 prius
1396 1931 1465 2000 per
1489 1913 1588 1983 duas

354 2021 558 2090 sententias
574 2020 715 2107 iudici0,
741 2023 892 2109 nuptias
908 2021 1099 2092 celebrare
1122 2040 1241 2091 ausus
1258 2019 1375 2106 fuerit,
1393 2019 1437 2088 iis
1454 2020 1588 2107 poenis

355 2124 555 2210 plectatur,
585 2147 683 2215 quae
718 2128 905 2198 adversus
940 2147 1016 2216 eoa,
1044 2129 1108 2217 qui
1139 2126 1418 2196 matrimonium
1454 2134 1586 2195 contra

355 2232 587 2303 interdictum
619 2235 807 2304 Ecclesiae
831 2236 1068 2321 contrahunt,
1104 2240 1265 2304 statutae
1289 2237 1387 2319 sunt,
1411 2249 1458 2301 ac
1484 2250 1588 2319 prae

354 2341 481 2409 sertim
506 2362 527 2412 a
551 2343 821 2413 cohabitatione
844 2343 996 2413 alterius
1020 2342 1191 2430 coniugis
1220 2347 1433 2429 separetur,
1459 2339 1586 2427 quoad

357 2464 480 2534 usque
502 2449 616 2519 altera
654 2451 834 2521 sententia
865 2450 1126 2539 praecedentis
1160 2448 1438 2519 confirmatoria
1469 2465 1587 2535 super

355 2555 520 2626 nullitate
552 2559 777 2628 matrimonii
801 2560 1041 2629 emanaverit.
1068 2562 1172 2641 Quae
1204 2560 1386 2629 hactenus
1410 2550 1586 2626 disserui·

347 2678 452 2746 mue,
478 2683 522 2733 eo
547 2667 766 2752 praesertim
783 2673 961 2754 spectant,
981 2674 1021 2736 ut
1039 2686 1128 2737 cum
1153 2665 1454 2736 dematrimonii
1481 2684 1586 2735 nexu

354 2768 595 2842 dissolvendo
626 2774 764 2861 agitur,
782 2774 992 2860 posthabita
1015 2775 1259 2863 neglectaque
1282 2772 1476 2844 acatholici
1501 2790 1588 2841 con·

355 2875 490 2945 sistorii
519 2880 715 2963 sententia,
751 2881 1039 2968 qualiscumque
1069 2899 1114 2951 ea
1146 2878 1265 2963 luerit,
1293 2897 1437 2947 novum
1471 2883 1587 2965 atque

353 2982 540 3070 integrum
564 3005 585 3055 a
610 2987 793 3056 iudicibus
810 2989 1068 3059 ecclesiasticis
1088 2990 1155 3057 rite
1177 2987 1354 3056 iudicium
1378 2986 1588 3056 instruatur

354 3108 399 3158 ac
421 3089 650 3162 conficiatur.
1228 3107 1230 3109 ’

420 3197 589 3268 Praestat
604 3219 705 3270 nunc
721 3202 791 3272 alia
808 3204 1041 3291 perpendere
1053 3204 1317 3291 quaestionum
1340 3202 1472 3289 capita,
1486 3221 1586 3290 quae

353 3305 426 3375 tuis
454 3305 578 3377 litteris
609 3311 725 3379 Nobis
753 3312 989 3399 proposuisti.
1022 3312 1238 3393 Quaerebas
1269 3309 1360 3397 quid
1387 3312 1584 3399 agendum

353 3412 442 3482 sita
474 3416 649 3502 parochis
676 3417 883 3505 catholicis,
915 3438 1003 3488 cum
1028 3419 1162 3505 aliquis
1190 3437 1239 3487 ex
1267 3416 1494 3505 coniugibus
1517 3436 1587 3505 per

353 3521 572 3591 sententiam
597 3524 804 3593 consistorii
826 3525 1019 3595 acatholici
1043 3525 1190 3594 solutus
1213 3542 1237 3592 a
1260 3523 1371 3611 priori
1396 3522 1587 3592 matrimo

353 3627 425 3711 nio,
449 3646 495 3699 ac
517 3648 611 3699 suae
635 3630 789 3701 libertati
810 3634 1010 3719 restitutus
1034 3633 1066 3701 si
1092 3632 1177 3701 velit
1199 3649 1286 3700 cum
1311 3629 1496 3699 catholico
1520 3637 1587 3698 aut

352 3735 535 3805 catholica
557 3737 710 3825 nubere,
735 3740 853 3825 possit
875 3759 923 3808 ne
947 3740 1138 3828 parochus
1162 3738 1220 3807 his
1243 3737 1382 3824 nuptiis
1405 3737 1585 3806 assistere

353 3848 388 3910 et
410 3843 706 3933 benedictionem
737 3847 941 3934 nuptialem
965 3847 1162 3934 impertiri,
1187 3846 1289 3933 quod
1317 3844 1376 3913 bis
1399 3850 1581 3913 tentatum

351 3947 466 4020 fuisse
491 3953 526 4020 in
552 3960 614 4024 tua
638 3954 799 4023 dioecesi
829 3954 1033 4025 narrabast
1063 3957 1111 4022 At
1134 3954 1170 4021 iu
1195 3953 1275 4040 ipse
1298 3969 1354 4037 ea,
1378 3968 1457 4038 qua
1482 3968 1585 4038 prae

352 4061 431 4125 stas
455 4060 645 4146 sapientia,
664 4060 778 4146 vides,
796 4062 1020 4130 venerahilis
1036 4062 1173 4145 Frater,
1198 4057 1468 4147 gravissimum
1484 4075 1584 4125 com·

353 4163 538 4235 missuros
560 4167 695 4255 scelus,
712 4187 903 4256 suumque
919 4187 1070 4238 sacrum
1097 4167 1343 4236 ministerium
1367 4165 1581 4253 prodituros

352 4291 437 4342 esse
460 4293 526 4343 eos
549 4277 748 4363 parochos
774 4278 837 4365 qui
861 4277 931 4347 has
954 4277 1104 4365 nuptias
1127 4295 1197 4346 sua
1214 4274 1424 4363 praesentia
1449 4273 1582 4361 proba·

351 4386 443 4466 rent,
468 4399 614 4469 suaque
638 4383 894 4454 benedictione
909 4382 1120 4452 firmarent:
1145 4381 1391 4471 nequeenim
1416 4381 1500 4450 illae
1516 4399 1581 4448 nu·

420 4604 521 4662 tttt.
545 4604 645 4663 rm.
671 4606 749 4680 cap.
774 4603 832 4663 22.
934 4628 937 4632 ι
