3509 5317
1787 519 2102 578 ..46-

717 659 799 743 si,
850 661 1151 726 mortua
1197 658 1467 741 Berta,
1524 656 2009 747 Sempronius
2056 656 2259 727 aliud
2293 657 2748 727 celebrasset
2773 667 2951 725 curn
2993 654 3185 725 Nae·

721 761 841 832 [ποία
885 765 1339 854 coniugium,
1403 765 1624 835 etiam
1683 782 1863 833 cum
1926 765 2069 834 hac
2128 772 2202 835 et
2270 762 2491 834 Caius
2552 767 2625 834 et
2670 782 2940 834 omnes
3014 761 3179 834 mic·

717 871 1253 960 consanguinei
1302 871 1510 942 tertio
1558 871 1935 942 affinitatis
1980 889 2258 959 genere
2306 872 2827 960 iungebantur.
2875 872 3178 961 Triplex

717 984 970 1049 autem
1034 980 1176 1049 hoc
1243 978 1614 1051 affinitatis
1677 999 1926 1069 genus
1993 982 2551 1051 matrimonium
2614 980 3007 1050 dirimebat
3040 977 3083 1044 ¹.
3130 1015 3177 1031 -

721 1087 812 1155 At
858 1085 1330 1157 Innocentius
1379 1087 1474 1155 III
1521 1087 1944 1158 secundum
1994 1092 2065 1158 et
2093 1088 2405 1158 ‘tertium
2474 1085 2850 1157 affinitatis
2914 1104 3176 1174 genus,

717 1211 935 1263 ¹sacro
982 1195 1446 1282 approbante
1494 1196 1980 1268 Lateranensi
2028 1195 2373 1283 Concili0‚
2422 1196 2829 1283 abrogavit,
2864 1193 3027 1263 solo
3075 1211 3179 1262 re·

721 1307 914 1372 tento
963 1303 1205 1391 primo
1253 1302 1628 1374 affinitatis
1657 1322 1936 1394 genere
1969 1301 2015 1372 ².
2066 1304 2255 1373 Hinc
2287 1322 2460 1375 cum
2512 1303 2819 1372 vitricus
2864 1306 2936 1371 et
2966 1318 3179 1369 αωοβ

721 1409 1028 1500 privigni
1094 1413 1429 1482 secundo
1491 1416 1781 1483 tantum
1831 1420 1905 1483 et
1947 1432 2099 1482 non
2157 1413 2399 1501 primo
2464 1409 2836 1482 affinitatis
2902 1427 3178 1498 genere

721 1515 902 1586 inter
948 1537 1032 1588 se
1079 1519 1650 1607 coniungantur,
1699 1520 2071 1609 sequitur,
2123 1538 2256 1589 eos
2303 1537 2453 1587 non
2511 1516 2851 1604 impediri
2897 1514 3179 1604 quomi-

717 1642 861 1692 nus
929 1625 1258 1696 validum
1325 1628 1612 1715 possint
1664 1627 1853 1697 inter
1908 1645 1994 1697 se
2058 1627 2491 1715 coniugium
2553 1625 2737 1693 inire
2784 1622 2831 1692 ⁸.
2879 1661 2926 1671 -
2991 1623 3177 1691 Hinc

717 1732 935 1801 etiam
983 1734 1341 1821 sequitur,
1393 1741 1475 1805 ut
1518 1737 1870 1823 quamvis
1917 1735 2455 1823 consanguinei
2503 1732 2635 1801 viri
2704 1733 2851 1801 sint
2911 1729 3178 1802 affines

721 1839 1037 1911 feminae
1082 1842 1179 1912 ab
1214 1862 1303 1912 eo
1336 1842 1730 1913 carnaliter
1762 1843 2123 1931 cognitae,
2174 1861 2325 1911 non
2374 1847 2627 1910 tamen
2678 1843 2857 1909 sunt
2908 1837 3175 1911 affines

717 1951 1455 2038 consanguineorum
1525 1948 1847 2021 feminae
1904 1959 1978 2021 et
2022 1956 2281 2022 contra
2333 1947 2379 2017 ⁴.
2455 1971 2493 2013 «
2527 1948 2746 2019 Unde
2808 1947 2905 2017 ab
2950 1946 3177 2015 omni-

717 2059 860 2126 hus
905 2058 1326 2147 canonistiS,
1357 2060 1590 2130 instar
1623 2059 1929 2148 regulae
1954 2058 2239 2129 nullam
2273 2057 2617 2127 habentis
2650 2053 3173 2137 limitationem,

721 2174 1127 2252 usurpatur
1173 2184 1582 2237 commune
1628 2166 1809 2236 illud
1842 2166 2191 2237 effatum:
2242 2163 2604 2254 Affinitas
2639 2181 2786 2231 non
2815 2158 3030 2250 parit
3066 2155 3177 2247 af·

701 2271 1089 2355 finitatem
1122 2296 1158 2337 »
1200 2272 1243 2340 ⁵.
1292 2312 1339 2322 —
1383 2275 1732 2361 Sequitur
1796 2276 2038 2361 etiam,
2106 2274 2371 2345 saltem
2436 2289 2696 2342 veram
2756 2275 2829 2339 et
2874 2268 3170 2356 proprie

717 2379 989 2449 dictam
1037 2379 1469 2451 affinitatem
1520 2400 1673 2451 non
1721 2382 1896 2452 oriri
1946 2402 2046 2452 ex
2098 2380 2570 2452 matrimonio
2618 2382 2792 2447 rato
2850 2382 3173 2461 tantum3

717 2507 814 2556 ax
860 2506 951 2558 eo
999 2488 1195 2556 enim
1250 2491 1485 2559 oritur
1538 2490 1847 2577 quidem
1881 2490 2226 2578 publicae
2258 2487 2669 2559 honestatis
2699 2482 3180 2571 impedimen·

721 2603 897 2680 tum,
947 2613 1097 2664 non
1148 2614 1328 2666 vero
1376 2596 1771 2685 affinitatiS,
1821 2597 2214 2667 deficiente
2258 2593 2535 2683 copula
2565 2593 2613 2661 ⁸.

845 2705 910 2772 3.
959 2701 1300 2775 Affinitas
1347 2710 1599 2775 autem
1633 2706 1868 2775 oritur
1899 2724 2050 2776 non
2086 2704 2338 2774 solum
2372 2722 2471 2774 ex
2503 2701 2772 2788 copula
2806 2696 3010 2767 licita
3041 2695 3176 2765 sci·

717 2811 878 2880 licet
922 2810 1309 2900 coniugali,
1360 2817 1440 2882 ut
1486 2818 1685 2900 patet
1729 2832 1829 2882 ex
1877 2812 2112 2899 dictiS,
2163 2812 2299 2881 sed
2349 2810 2573 2880 etiam
2620 2827 2721 2878 ex
2765 2802 3019 2874 illicita
3066 2820 3180 2873 co·

721 2917 913 3004 puta,
963 2935 1236 3005 nempe
1284 2939 1384 2989 ex
1428 2919 1931 3006 fornicatione,
1982 2919 2371 3005 adulterio,
2404 2919 2693 2987 incestu
2727 2919 2882 2999 etc„
2918 2915 2999 2981 ut
3029 2928 3182 2978 cer-

721 3031 873 3093 tum
924 3025 1289 3112 imprimis
1351 3037 1464 3096 est
1508 3025 2001 3097 ecclesiastico
2050 3025 2214 3096 iure
2249 3026 2307 3112 ¹,
2359 3042 2511 3113 quo
2571 3024 2885 3109 insuper
2946 3017 3181 3088 decla·

721 3137 921 3200 ratur
968 3132 1066 3201 oh
1112 3134 1481 3203 eiusmodi
1539 3133 1974 3206 affinitatem
2053 3132 2611 3203 matrimonium
2682 3127 2946 3198 dirimi.
2994 3163 3042 3172 —
3085 3126 3179 3193 At

717 3238 937 3308 etiam
986 3238 1147 3309 iare
1200 3241 1361 3328 ipso
1410 3246 1738 3311 naturae
1784 3240 2147 3331 inspecte,
2187 3240 2354 3309 ideo
2388 3256 2523 3325 per
2555 3234 3032 3324 coniugalem
3066 3249 3180 3301 co-

717 3345 973 3431 pulam
1022 3348 1481 3419 contrahitur
1527 3348 1871 3437 affinitas,
1921 3349 2096 3437 quia
2150 3367 2284 3437 per
2348 3364 2518 3417 eam
2574 3344 2937 3430 coniuges
2991 3338 3178 3409 flunt

857 3545 876 3581 ¹
922 3545 1080 3604 Fuse
1125 3546 1275 3604 haec
1318 3546 1595 3623 explicat
1637 3547 1914 3606 Sanchez
1963 3547 2072 3606 lib.
2125 3545 2187 3603 7.
2236 3546 2404 3619 disp.
2456 3543 2568 3602 67.

850 3640 876 3678 ²
919 3641 1048 3701 Cfr.
1098 3661 1232 3720 cap.
1284 3661 1419 3700 non
1463 3644 1646 3703 debet
1685 3644 1749 3703 8.
1800 3645 1879 3702 de
1922 3659 2241 3720 consang).
2289 3650 2352 3703 et
2389 3642 2639 3717 affinit.

848 3739 872 3777 ⁸
918 3741 983 3799 S.
1033 3741 1409 3818 congregat.
1472 3741 1733 3801 Concilii
1778 3741 1869 3802 ita
1925 3741 2278 3802 declaravit
2326 3742 2423 3801 die
2466 3740 2505 3799 8
2549 3739 2764 3800 martii
2821 3736 2997 3797 1721.
3043 3734 3171 3797 Gfr.

725 3838 1118 3898 Benedictum
1162 3839 1311 3898 XIV
1356 3839 1435 3898 de
1481 3841 1738 3914 Synodo
1787 3841 1894 3899 lib.
1936 3837 1996 3898 9.
2047 3858 2190 3915 cap.
2250 3840 2334 3901 13
2350 3860 2471 3907 ;—
2502 3842 2566 3899 et
2607 3838 2879 3897 eiusdem
2911 3834 3172 3898 Quaest.

717 3937 1018 3994 canonic.
1075 3935 1226 3995 166.

855 4033 878 4070 ⁴
923 4032 1204 4094 Habetur
1256 4053 1544 4113 expresse
1586 4038 1648 4097 in
1692 4055 1826 4114 cap.
1891 4037 2066 4112 quod
2108 4055 2308 4111 super
2362 4036 2468 4095 his
2514 4034 2579 4094 5.
2627 4036 2707 4094 de
2754 4050 3069 4109 consang).
3123 4040 3183 4092 et

717 4130 947 4203 affluit.

852 4229 878 4266 ¹⁵
920 4231 1237 4292 Benedict.
1286 4233 1437 4293 XIV
1480 4234 1559 4291 de
1603 4233 1865 4307 Synodo
1908 4234 2015 4291 cit.
2078 4233 2184 4291 lib.
2242 4229 2305 4291 9.
2354 4249 2499 4307 cap.
2536 4231 2642 4290 13.
2692 4249 2763 4289 n.
2809 4227 2857 4285 2
2900 4232 2975 4287 in
3016 4232 3172 4306 fine.

849 4327 874 4364 θ
917 4329 1195 4389 Sanchez
1263 4331 1371 4389 lib.
1424 4330 1484 4389 7.
1533 4333 1702 4406 disp.
1762 4330 1874 4389 64⁶
1925 4349 1993 4389 n.
2043 4329 2158 4390 25.
2206 4362 2282 4375 —
2327 4329 2746 4391 Confirmatur
2786 4345 2866 4388 ex
2906 4328 2987 4387 iis
3026 4344 3177 4403 quae

717 4423 1004 4486 definivit
1045 4427 1194 4486 Pius
1235 4428 1292 4486 V
1333 4433 1532 4489 const.
1581 4429 1687 4486 Ad
1729 4428 2108 4486 Romanam
2151 4446 2253 4487 an.
2291 4425 2448 4486 1568
2490 4443 2673 4505 super
2716 4424 2947 4485 declar.
2996 4424 3172 4485 Cone.

717 4523 994 4585 Trident.
1043 4526 1123 4584 de
1166 4528 1503 4602 impedim.
1554 4528 1801 4604 affinit.

851 4623 875 4662 ⁷
917 4625 1066 4704 Cap.
1101 4626 1561 4686 discretionem
1594 4626 1658 4685 6.
1693 4625 1773 4684 de
1803 4643 1872 4684 eo
1902 4628 2020 4701 qui
2048 4627 2350 4700 coqnovic
2375 4640 2691 4697 consanq.
2728 4623 2963 4681 umoris
2992 4635 3171 4679 suae.
