3509 5317
722 521 759 573 ’.
785 527 821 587 15
842 561 881 574 ..

251 667 284 734 6.
310 664 481 735 Ceterum
511 683 629 733 «cum
656 666 821 735 maxime
845 658 1030 736 nefarium
1053 668 1100 737 sit
1126 669 1352 740 matrimonii
1377 673 1416 741 li-

184 773 400 842 «hertatem
425 771 575 859 violare,
600 777 636 842 et
659 773 708 842 ah
730 774 786 843 eis
809 774 963 844 iniurias
987 777 1242 864 nasciquibus
1258 780 1339 850 iura
1352 799 1415 850 ex·

183 883 425 967 «pectamur,
450 879 628 967 praecipit
652 885 781 950 sancta
806 881 983 968 Synodus
1000 882 1222 970 (tridentina)
1236 888 1414 958 omnihus

183 986 495 1074 «cuiuscumque
519 988 671 1075 gradus,
700 987 889 1076 dignitatis
918 993 954 1059 et
987 990 1208 1061 conditionis
1243 996 1412 1082 existant

182 1115 203 1158 4
220 1094 293 1163 suh
316 1094 565 1163 anathematis
595 1113 716 1182 poena
745 1115 862 1183 quam
892 1098 975 1184 ipso
1006 1096 1102 1168 facto
1133 1100 1334 1186 incurrant,
1366 1121 1414 1172 ne

185 1201 355 1289 «quovis
381 1202 494 1270 modo
518 1201 656 1272 directe
680 1202 738 1271 vel
751 1204 927 1273 indirecte
939 1206 1110 1275 subditos
1121 1225 1215 1277 suos
1229 1210 1287 1277 vel
1304 1227 1413 1296 quos·

182 1327 385 1397 «cumque
409 1309 501 1382 alios
525 1317 670 1399 cogant
695 1313 901 1398 quominus
924 1313 1038 1383 libere
1067 1316 1307 1386 matrimonia
1329 1337 1415 1387 con-

182 1437 203 1480 4
219 1417 403 1486 trahant»
431 1415 453 1483 ¹.
476 1452 499 1465 -
522 1420 580 1487 Ex
603 1436 679 1505 quo
703 1418 851 1488 decreto
875 1419 1064 1507 quaedam
1089 1422 1182 1491 scitu
1200 1425 1412 1494 necessaria

178 1524 484 1593 animadvertunt
506 1525 674 1594 Sanchez
699 1521 721 1612 ²,
747 1527 954 1597 Leurenius
978 1526 989 1561 ³
1014 1527 1158 1616 aliique.

631 1795 905 1867 ARTICULUS
929 1798 972 1865 V.

583 1987 626 2053 tie
651 1988 860 2071 inpedimento
892 1995 1010 2074 raptus.

247 2174 278 2239 1.
303 2171 398 2240 Cum
422 2171 688 2258 impedimento
712 2172 769 2240 vis
792 2178 828 2242 et
845 2176 967 2242 metus
983 2173 1155 2261 congruit
1171 2157 1413 2260 impedimen-

176 2282 257 2346 tum
286 2283 426 2365 raptus.

246 2387 440 2456 Brevitatis
464 2386 579 2475 gratia
606 2387 709 2457 mitto
734 2387 824 2474 quid
853 2388 974 2457 veniat
996 2388 1148 2456 nomine
1180 2392 1310 2475 raptus
1333 2405 1411 2456 mu-

178 2492 313 2562 lierum
337 2491 375 2561 in
397 2511 546 2580 penore,
573 2496 711 2581 quidve
734 2500 815 2564 tum
839 2495 935 2563 civili
958 2502 1037 2563 tum
1063 2497 1243 2566 canonico
1259 2494 1410 2581 antiquo

176 2601 259 2670 iure
282 2606 461 2672 statutum
486 2600 595 2672 fuerit
617 2602 743 2689 quoad
765 2621 953 2691 poenosa
979 2602 1190 2688 raptoribus
1222 2603 1410 2671 incurren-

176 2708 248 2779 das
273 2709 367 2778 etin
391 2709 521 2780 ordine
544 2710 592 2779 ad
623 2710 904 2780 matrimonium
932 2710 1156 2778 ineundum:
1190 2710 1237 2779 de
1266 2709 1406 2797 quibus

176 2817 264 2887 vide
280 2818 333 2886 sis
344 2819 529 2887 Auctores
553 2816 636 2887 tuse
660 2818 707 2887 de
731 2818 833 2886 hisce
849 2822 1117 2905 pertractantes
1141 2814 1408 2905 argumentis&

176 2923 386 2993 Dicendum
410 2924 469 2992 hic
492 2930 549 2994 est
571 2925 618 2994 de
642 2924 908 3012 impedimento
933 2930 1063 3011 raptus
1079 2926 1244 3012 inspecto
1262 2929 1404 2994 tantum

175 3032 385 3101 novissimo
409 3031 610 3101 Tridentini
635 3032 724 3100 iure.

244 3141 278 3208 2.
302 3141 461 3209 Nomine
484 3142 609 3227 itaque
632 3143 783 3228 ruptus,
811 3144 998 3227 quatenus
1023 3140 1302 3209 matrimonium
1327 3137 1408 3206 diri-

177 3247 254 3331 mit,
280 3247 430 3335 intelligi
453 3247 564 3317 dehet
587 3247 743 3317 violenta
770 3248 938 3316 mulieris
962 3248 1145 3335 cuiusque
1161 3246 1335 3316 abductio
1359 3246 1407 3314 de

176 3355 260 3423 loco
284 3359 362 3424 tuto
385 3353 421 3422 in
446 3354 571 3442 alium,
598 3355 661 3423 uhi
684 3355 756 3424 suh
788 3355 947 3442 raptoris
977 3355 1185 3425 detineatur
1215 3358 1407 3442 potestate,

175 3585 195 3626 4
211 3567 326 3628 iterum
348 3585 452 3627 coram
474 3570 607 3644 parocho
628 3575 661 3629 et
674 3568 796 3628 ‘duobus
818 3568 951 3628 testibus
972 3569 1167 3645 praebeatur.
1194 3568 1309 3627 Contra
1335 3586 1408 3628 vero

176 3686 194 3728 4
210 3672 260 3727 est
280 3668 308 3726 si
329 3667 561 3727 matrimonium
577 3667 767 3727 celebratum
789 3667 850 3726 fuit
871 3684 976 3726 coram
991 3666 1124 3743 parocho
1145 3669 1178 3724 et
1192 3666 1305 3724 duobus
1320 3666 1408 3725 testi-

175 3782 195 3823 ‹
210 3765 284 3835 bus,
308 3769 341 3825 et
365 3763 616 3841 impedimentum
645 3764 794 3824 dirimens
819 3765 984 3822 occultum
1011 3763 1166 3823 servathr.
1198 3764 1283 3823 Tunc
1312 3779 1408 3822 novus

175 3880 195 3921 4
209 3880 374 3922 cousensus
395 3867 479 3923 certe
500 3864 702 3940 praestandus
724 3868 783 3935 est,
806 3863 859 3922 sed
880 3862 967 3920 clam
989 3862 1072 3921 inter
1098 3863 1328 3932 contrahentes,
1353 3880 1407 3920 neo

174 3982 194 4023 4(
208 3964 343 4041 amplius
357 3963 509 4041 parochus
530 3964 645 4040 duoque
667 3967 763 4024 testes
777 3963 988 4040 requiruntur.
1007 3963 1090 4022 Haec
1112 3964 1158 4024 ita
1179 3963 1319 4023 decrevit
1338 3981 1408 4041 poe-

174 4061 396 4121 ‹nitcntiaria
417 4061 449 4120 S.
474 4061 524 4120 Pii
546 4062 734 4122 auctoritate
754 4066 850 4122 etc.»

244 4158 253 4195 ¹
275 4157 415 4218 Trident.
440 4176 517 4217 seca.
540 4157 596 4217 24.
621 4178 691 4236 cap.
719 4157 749 4218 9.
774 4161 814 4218 dc
834 4161 1004 4234 reformat.
1030 4159 1248 4220 matrimonii.

241 4255 415 4316 flSanchcz
437 4256 477 4315 de
498 4259 643 4316 matrim.
670 4257 723 4318 tib.
748 4256 780 4317 4.
805 4258 891 4335 disp.
914 4257 970 4317 22.
996 4276 1057 4317 aa.
1082 4256 1158 4318 8-9.

240 4355 446 4415 ⁸Leurenius
467 4356 592 4414 Forum
615 4356 791 4415 ecclesiast.
817 4356 871 4416 tib.
895 4354 927 4415 4.
953 4358 1001 4416 tit.
1028 4357 1057 4416 1.
1083 4364 1208 4434 quaest.
1235 4354 1291 4417 97.

241 4455 415 4517 ⁴Sanchez
444 4456 483 4515 de
511 4457 658 4513 matrim.
694 4456 748 4513 tit.
772 4453 805 4516 7.
833 4456 918 4531 disp.
953 4453 1015 4524 12,·
1049 4486 1086 4500 -
1122 4454 1258 4531 Pirhing
1294 4455 1348 4513 tu.
1383 4451 1405 4508 5

171 4558 292 4616 decret.
324 4555 382 4611 tit.
406 4553 449 4610 17
456 4573 519 4623 ,·-
537 4553 707 4614 Leurenius
733 4552 789 4629 Op.
814 4555 868 4613 cit.
898 4571 950 4613 seu
971 4554 995 4614 1.
1021 4553 1054 4614 Ο.
1079 4553 1116 4612 U.
1149 4553 1203 4612 tib.
1234 4551 1267 4611 4.
1296 4554 1344 4610 tit.
1368 4549 1401 4609 2.

171 4661 300 4732 quaest.
331 4648 397 4709 119
419 4659 450 4710 et
468 4670 568 4729 seqq-2·
583 4683 620 4696 -
636 4652 915 4730 Schmalzgrueber
938 4654 991 4710 tib.
1010 4652 1042 4710 5.
1062 4654 1109 4711 tit.
1131 4651 1185 4719 17,
1200 4650 1347 4726 aliosque.
