3509 5317
854 475 1071 567 ¹'--aaa-

367 623 473 710 stitit;
497 622 557 710 illi,
581 623 645 713 qui
668 622 839 693 eiusdem
869 622 1105 694 celebrationi
1130 628 1166 693 et
1193 621 1287 692 iesto
1319 622 1470 711 nuptiali
1495 624 1606 692 inter-

367 729 525 818 fuerunt,
553 738 593 802 ut
615 733 776 804 reserant
791 732 1010 818 praesertim
1028 734 1075 801 de
1092 731 1217 817 modo,
1234 750 1311 819 quo
1334 750 1498 819 persona
1519 749 1608 801 con

366 844 421 909 tra
445 840 726 911 matrimonium
753 838 967 911 reclamans
990 839 1027 907 in
1052 838 1121 909 illis
1145 838 1432 909 circumstantiis
1455 857 1499 908 se
1522 857 1607 928 ges·

366 947 473 1034 serit;
497 947 591 1018 aliae
616 967 802 1037 personae
831 949 1015 1034 inductae,
1040 946 1122 1016 illae
1152 945 1342 1034 speciatim
1375 964 1475 1034 quae
1503 946 1608 1015 adhi-

367 1053 464 1134 bitae
486 1054 647 1143 iuerunl,
672 1055 730 1127 vel
755 1061 794 1126 ut
809 1055 973 1125 consiliis
989 1061 1026 1127 et
1040 1054 1313 1125 hortationibus
1332 1053 1606 1125 reclamantem

366 1156 415 1230 ad
444 1163 725 1247 matrimonium
757 1163 985 1249 inducerent,
1014 1162 1072 1234 vel
1106 1168 1146 1232 ut
1175 1160 1379 1231 excitarent
1402 1160 1449 1231 ad
1479 1160 1605 1231 officia

366 1270 654 1341 matrimonialia
668 1272 905 1359 praestanda,
923 1270 972 1340 ab
989 1271 1108 1360 iisque
1123 1270 1394 1358 quaerendum,
1410 1269 1501 1357 quid
1521 1288 1606 1358 ege-

367 1378 447 1464 rint,
472 1378 610 1467 quibus
634 1379 868 1465 argumentis
895 1396 996 1464 usae,
1015 1377 1153 1466 quidve
1169 1383 1394 1446 consecutae
1409 1374 1557 1445 luerint

432 1487 487 1555 39.
512 1484 707 1554 Caeterum
732 1485 767 1553 in
793 1486 864 1556 hac
887 1504 929 1554 re
953 1485 1067 1554 iudex
1084 1485 1185 1569 sciat,
1212 1483 1491 1553 matrimonium
1517 1502 1606 1553 esse

366 1609 433 1678 per
457 1610 499 1660 se
524 1590 662 1661 factum
686 1593 880 1678 quoddam
898 1592 1068 1662 solemne
1091 1597 1126 1661 et
1151 1589 1354 1679 publicum,
1378 1593 1482 1679 quod
1506 1609 1610 1660 sem-

365 1716 433 1784 per
457 1698 623 1768 validum
639 1700 784 1770 censeri
801 1698 921 1785 debet,
946 1699 1017 1768 nisi
1034 1699 1226 1769 evidentes
1242 1698 1406 1768 rationes
1429 1697 1604 1768 eiusdem

365 1806 569 1877 nullitatem
596 1809 946 1877 demonstraverint.
966 1807 1069 1878 Idem
1086 1805 1299 1902 curandum
1318 1807 1471 1894 quidem
1498 1807 1604 1874 omni

366 1914 488 1985 studio
513 1921 627 2004 atque
656 1912 855 2005 diligentia,
888 1921 928 1985 ut
958 1915 1121 1985 rationes
1151 1916 1244 1985 istae
1274 1913 1507 2004 colligantur,
1534 1915 1603 1984 sed

365 2021 541 2091 iudicium
566 2027 700 2092 contra
730 2022 1012 2092 matrimonium
1042 2038 1240 2110 nunquam
1264 2022 1331 2091 erit
1353 2020 1604 2109 pronunciari·

366 2128 468 2215 dum,
486 2129 557 2199 nisi
580 2145 712 2199 earum
734 2129 949 2215 complexio
967 2147 1081 2199 omne
1097 2130 1264 2217 prudens
1287 2129 1335 2197 do
1343 2127 1446 2196 bium
1464 2126 1513 2197 de
1528 2127 1605 2197 exi·

365 2236 495 2305 stantia
521 2235 775 2322 impedimenti
792 2236 978 2305 excludat.

782 2469 980 2520 narremus
1009 2468 1182 2527 ouanros.

702 2614 760 2681 De
783 2609 1047 2701 impedimento
1071 2609 1265 2699 ltpamlnts.

431 2775 486 2842 40.
510 2774 710 2843 Vinculum
738 2773 995 2861 praecedentis
1019 2774 1254 2860 matrimonii,
1279 2773 1381 2861 quod
1408 2776 1457 2844 ad
1483 2782 1606 2863 poste

366 2879 445 2949 rius
468 2882 696 2951 connubium
716 2882 1017 2971 impugnandum
1043 2880 1249 2967 adducitur,
1275 2881 1523 2968 repetendum
1547 2903 1607 2954 as·

365 2987 501 3057 seritur
525 2989 583 3057 vel
607 3007 657 3057 ex
681 2989 929 3076 matrimonia,
955 2988 1136 3058 catholico
1154 2989 1278 3075 modo,
1298 3008 1319 3057 a
1336 2989 1528 3058 catholicis
1545 3009 1605 3060 ce·

366 3095 528 3183 lebrat03
561 3095 619 3165 vel
651 3117 700 3166 ex
730 3096 919 3166 connubio
950 3097 1000 3165 ab
1032 3097 1226 3166 haereticis
1256 3100 1322 3165 aut
1351 3096 1603 3166 schismaticis

365 3203 470 3275 iuxta
498 3202 735 3275 diversarum
764 3210 952 3275 sectarum
979 3205 1138 3273 instituta
1172 3208 1379 3290 contractu,
1404 3210 1441 3275 et
1470 3214 1605 3291 postea

365 3329 433 3398 per
457 3311 677 3381 sententiam
704 3312 830 3381 talium
856 3311 1098 3380 tribunalium
1122 3310 1325 3399 dissoluto;
1356 3311 1412 3379 vel
1439 3330 1490 3381 ex
1518 3330 1604 3380 con·

365 3422 495 3503 tractu,
521 3419 615 3487 inter
638 3416 817 3505 infideles,
843 3420 906 3507 qui
924 3425 1053 3506 postea
1071 3420 1266 3505 rescissae,
1290 3425 1356 3490 aut
1377 3418 1508 3489 nullus
1527 3418 1604 3490 iue-

366 3525 411 3593 rit
442 3525 664 3595 declaratus.
701 3527 946 3597 Diversorum
983 3526 1139 3597 istorum
1169 3546 1330 3597 casuum
1361 3527 1602 3615 possibilitas

367 3640 430 3704 aut
453 3636 564 3704 etiam
576 3632 781 3722 frequentia
798 3633 992 3704 manifesta
1010 3641 1076 3720 est,
1092 3653 1179 3702 cum
1201 3635 1235 3702 ln
1251 3634 1467 3723 regionibus
1484 3634 1601 3703 orien

366 3740 501 3810 talibus
524 3741 691 3811 catholici
715 3740 906 3810 commixti
932 3741 1057 3810 vivere
1073 3748 1254 3830 cogantur
1277 3759 1364 3809 cum
1391 3741 1595 3827 haereticis

366 3847 621 3931 schismaticis,
646 3853 682 3918 et
705 3847 927 3917 infidelibus.
953 3849 1148 3931 Quaedam
1173 3868 1241 3937 pro
1266 3848 1422 3938 singulis
1446 3849 1597 3919 casibus

366 3954 582 4024 adnotanda
605 3961 701 4042 sunt,
726 3956 813 4043 quia
838 3957 998 4026 diversis
1023 3956 1169 4045 legibus
1193 3961 1384 4044 reguntur.

433 4066 488 4132 41.
512 4064 570 4132 hd
595 4065 759 4151 primum
785 4083 917 4134 casum
943 4065 1043 4153 quod
1069 4067 1203 4147 attinet,
1227 4063 1392 4132 doctrina
1418 4063 1597 4133 catholica

368 4175 425 4238 est
449 4172 728 4240 matrimonium
743 4170 1014 4259 baptizatorum
1032 4172 1097 4241 rite
1113 4170 1341 4239 celebratum
1366 4178 1402 4238 et
1424 4188 1595 4239 consum-

369 4282 513 4348 matum
537 4278 641 4347 aliter
664 4278 758 4347 solvi
783 4297 858 4347 non
884 4297 1006 4366 posse,
1020 4278 1087 4347 nisi
1113 4296 1180 4365 per
1196 4288 1357 4345 mortem
1382 4276 1495 4346 unius
1518 4295 1597 4346 eon·

368 4384 478 4472 iugis;
495 4391 532 4454 et
553 4386 636 4456 ideo
661 4386 787 4456 locum
812 4378 886 4455 non
912 4405 997 4454 esse
1024 4387 1191 4454 eiusdem
1221 4384 1454 4453 dissolutioni
1485 4385 1596 4454 decla·

368 4490 509 4561 randae
532 4492 567 4561 in
589 4493 732 4578 iudicia,
761 4493 828 4561 nisi
860 4491 909 4562 de
932 4499 1052 4563 morte
1082 4491 1297 4562 alterutrius
1320 4491 1491 4581 coniugis
1516 4509 1597 4560 con·

368 4599 505 4668 stiterit.
532 4601 582 4671 Ut
603 4606 730 4670 autem
754 4602 801 4670 de
826 4602 897 4670 hac
920 4606 1093 4670 constare
1109 4599 1262 4685 dicatur,
1287 4618 1362 4668 non
1389 4598 1526 4669 sufficit
1541 4618 1596 4667 ru-
