3509 5317
1771 488 2076 546 -72-

697 645 839 692 mn
891 624 1263 711 praecipit,
1314 623 1478 693 illas
1516 624 1985 710 separandas
2016 644 2064 694 a
2100 626 2293 710 viris,
2330 626 2672 715 adeoque
2704 629 3154 715 supponitur

697 732 1253 801 matrimonium
1301 749 1470 800 esse
1521 731 1877 801 validum.
1993 775 1999 780 -

827 841 930 908 10.
982 835 1345 909 Tertiam.-
1382 840 1784 909 Diversitas
1819 839 2195 928 religionis
2228 842 2415 910 inter
2445 841 2853 910 catholicos
2882 847 2955 911 et
2988 842 3154 911 hae-

697 947 957 1015 reticos
989 965 1128 1016 seu
1162 953 1546 1034 apostatas
1577 954 1708 1018 aut
1730 947 2253 1018 schismaticos
2276 950 2652 1019 constituit
2673 949 3156 1036 impedimen·

697 1063 850 1121 [um
904 1052 1330 1142 impediens.

826 1162 1211 1231 Eiusmodi
1286 1162 1486 1231 enim
1557 1163 2028 1232 matrimonia
2102 1164 2467 1250 prohibita
2532 1169 2605 1233 et
2667 1164 2902 1234 illicita
2978 1178 3156 1236 sunt

693 1268 1179 1337 mvleSl’aSCiCO
1226 1267 1417 1354 iure,
1476 1272 1554 1337 ut
1592 1278 1885 1340 constat
1930 1290 2025 1340 ex
2062 1269 2404 1356 pluribus
2435 1271 2801 1358 Conciliis,
2838 1273 2938 1342 uti
2976 1275 3157 1342 Lao·

689 1379 949 1447 εἰπὲ-ωηο
1000 1384 1074 1448 et
1102 1376 1458 1447 Trullano
1503 1376 1545 1463 ¹,
1600 1378 2031 1465 Agathensi‚
2083 1378 2674 1447 chalcedonensi
2712 1378 2758 1463 ²,
2818 1397 3148 1467 quorum

693 1486 1117 1553 ¹-zsmctiones
1166 1485 1544 1555 roboravit
1592 1483 2016 1554 Bonifacius
2050 1485 2212 1552 VIII
2262 1486 2472 1555 citata
2515 1485 2883 1556 decretali.
2936 1485 3153 1557 Unde

701 1591 956 1659 merito
991 1590 1434 1660 Benedictus
1477 1592 1656 1661 XIV
1711 1593 2085 1661 connubia
2141 1593 2326 1663 haec
2377 1600 2595 1663 vocat
2640 1590 3148 1679 detestabilia,

693 1718 887 1783 qnae
932 1704 1200 1769 sancta
1248 1699 1506 1768 Mater
1557 1699 1884 1770 Ecclesia
1926 1706 2298 1790 perpetuo
2344 1701 2740 1772 damnavit
2783 1706 3013 1791 atque
3055 1701 3157 1770 in-

697 1802 1180 1873 s÷=2s2d1‘oeit⁸.·-
1229 1808 1389 1875 Imo
1423 1806 1585 1876 iare
1636 1809 1863 1877 etiarn
1899 1813 2225 1878 naturae
2275 1808 2513 1878 illicita
2573 1816 2772 1897 sunt,
2824 1808 2884 1877 si
2944 1810 3157 1878 adest

701 1913 1104 1995 periculum
1159 1915 1664 2001 perversionis
1711 1915 2054 2004 coniugis
2100 1916 2469 2002 catholici,
2521 1916 2637 1986 vel
2692 1917 2935 1988 malae
2985 1918 3158 1987 edu-

693 2022 998 2091 ÷=ntionis
1056 2023 1283 2109 prolis
1346 2025 1417 2091 in
1477 2024 1802 2109 haeresi,
1866 2033 1998 2092 aut
2048 2025 2266 2092 etiam
2329 2024 2681 2110 gravium
2736 2024 3148 2111 iurgiorum

697 2131 877 2199 inter
909 2130 1285 2218 coniuges.
1327 2132 1530 2199 «Vix
1561 2138 1836 2216 autem,
1866 2135 1943 2198 ut
1972 2131 2225 2199 scribit
2255 2130 2452 2199 idem
2490 2130 2931 2199 Benedictus
2955 2130 3150 2211 XIV,

693 2238 989 2306 vaenire
1038 2244 1295 2324 potest,
1328 2243 1405 2306 ut
1434 2259 1474 2308 a
1511 2239 1907 2307 connubiis
1953 2238 2488 2308 catholicorum
2537 2257 2714 2307 cum
2765 2238 3153 2308 haereticis

693 2367 773 2411 ι·.·ι
825 2350 1316 2414 amoveantur
1389 2346 1734 2431 pericula,
1785 2364 1981 2433 quae
2031 2346 2209 2432 ipsis
2257 2346 2707 2433 plerumque
2753 2346 3144 2415 coniuncta

693 2468 858 2517 usse
905 2450 1145 2519 solent
1177 2450 1222 2518 ⁴.
1273 2453 1558 2523 Verum
1607 2471 1760 2521 non
1807 2453 1878 2522 id
1928 2453 2234 2521 omnino
2286 2451 2742 2540 impossibile
2788 2470 2960 2521 esse
2999 2445 3157 2539 pro-

697 2561 1158 2630 nunciamus.
1208 2561 1427 2630 Tales
1459 2561 1659 2630 enim
1694 2581 1772 2630 re
1807 2562 1966 2646 ipsa
1998 2579 2449 2630 concurrere
2496 2569 2813 2648 possunt
2841 2558 3150 2628 circum·

693 2669 1034 2749 stamine?
1067 2687 1263 2755 quae
1310 2687 1484 2738 cum
1532 2670 1629 2737 ab
1678 2688 1801 2753 eo,
1851 2670 1977 2755 qui
2027 2666 2451 2738 facultatem
2499 2664 2981 2754 dispensandi
3030 2666 3150 2733 ha-

703 2779 858 2862 bet,
907 2794 1291 2862 expensae
1359 2774 1659 2861 fuerint,
1726 2776 2007 2844 aditum
2059 2777 2397 2863 aperiant
2450 2772 2916 2844 concessioni
2985 2772 3155 2859 legi·

697 2903 912 2953 umiae
981 2883 1573 2970 dispensationis
1623 2885 1842 2953 cuius
1906 2885 1972 2952 vi
2021 2885 2582 2953 matrimonium
2640 2884 2826 2951 inter
2877 2888 3153 2970 partes,

701 2993 1144 3063 haereticam
1216 2984 1468 3076 unam,
1517 2991 1985 3079 alteramque
2056 2992 2515 3075 catholicam,
2570 2991 2848 3059 licitum
2898 2989 3157 3058 redda-

701 3119 831 3179 tur,
883 3105 962 3169 ut
1004 3099 1174 3169 alibi
1222 3099 1921 3169 demonstrabimus
1953 3121 1988 3162 »
2031 3096 2073 3166 ⁵.

828 3209 931 3275 11.
985 3207 1171 3275 Hinc
1218 3207 1584 3275 eiusmodi
1633 3205 2229 3291 dispensationes
2275 3204 2678 3292 apostolica
2729 3203 2966 3273 Sedes
3006 3220 3153 3270 non

697 3312 1030 3382 ..mcedit
1075 3312 1214 3382 nisi
1262 3313 1409 3381 sub
1439 3313 1644 3381 hisce
1674 3312 2257 3381 conditionibus:
2310 3313 2377 3379 1⁰
2418 3311 2516 3382 Ut
2541 3311 2733 3380 absit
2781 3328 2916 3397 pro
2952 3314 3157 3397 parte

832 3528 849 3564 ¹
896 3526 1028 3586 Gfr.
1077 3527 1579 3604 Papp-Szilagyi
1628 3529 1669 3585 l.
1718 3543 1774 3585 e.
2119 3503 2147 3547 '

827 3625 852 3663 '³
895 3626 973 3684 V.
1021 3626 1336 3686 Benedict.
1388 3625 1559 3697 XIV,
1609 3625 1687 3683 de
1733 3626 1993 3699 Synodo
2040 3627 2148 3683 lib.
2200 3624 2261 3682 6.
2313 3643 2454 3698 cap.
2507 3621 2569 3681 5.
2626 3641 2689 3680 n.
2745 3621 2806 3679 3.

829 3724 852 3760 ³
896 3724 1211 3802 Benedict.
1260 3723 1408 3782 XIV
1473 3724 1735 3783 Constit.
1800 3741 1904 3782 seu
1948 3724 2391 3800 ‚Declaratione
2443 3740 2599 3798 quae
2655 3720 2876 3798 incipit
2931 3720 3163 3777 Matre·-

701 3826 921 3880 moszz'a
965 3821 1008 3878 4
1053 3823 1343 3880 novemb.
1401 3820 1574 3878 1741
1623 3822 1817 3898 quoad
1874 3822 2271 3882 matrimonia
2316 3822 2375 3880 in
2423 3820 2642 3897 Belgio
2692 3822 2758 3879 et
2802 3818 3155 3889 Hollandia,

693 3927 725 3991 ξ
773 3923 833 3979 3.
876 3955 941 3966 -
978 3921 1134 3980 Vide
1161 3921 1354 3980 etiam
1384 3921 1654 3979 eiusdem
1686 3920 1922 3981 Pontis.
1960 3920 2168 3980 Const.
2204 3939 2359 3996 quae
2404 3919 2624 3996 incipit
2655 3919 2947 3994 Maynae
2977 3918 3156 3975 nobis

701 4023 813 4079 vilei
859 4016 949 4074 29
996 4020 1178 4076 iunii
1229 4011 1425 4076 1748.
3148 4072 3155 4079 .

828 4117 852 4154 ⁴
895 4116 1036 4176 Ideo
1081 4117 1241 4176 idem
1287 4117 1572 4176 Summus
1605 4117 1901 4176 Pontifex
1936 4117 1998 4175 in
2044 4117 2154 4176 cit.
2193 4116 2628 4176 Declaratione
2661 4134 2766 4175 seu
2796 4116 3005 4177 Const.
3041 4114 3159 4174 diei

717 4219 733 4267 s
789 4233 925 4272 nov.
984 4213 1187 4281 1741,
1230 4214 1437 4273 eodem
1482 4216 1520 4290 ἓ
1566 4218 1629 4275 3.
1669 4216 1961 4275 hortatur
2007 4231 2322 4273 sacrorum
2369 4215 2728 4284 Antistites,
2777 4217 2863 4273 ut*
2897 4214 2975 4272 ab
3004 4213 3159 4272 eius-

701 4312 854 4371 fmnli
923 4312 1341 4371 matrimoniis
1395 4314 1644 4370 mixtae
1703 4314 2048 4383 reliyionis
2093 4313 2155 4371 in
2203 4312 2593 4388 propriarum
2638 4310 2986 4370 animarum
3030 4326 3160 4386 per-

701 4411 918 4469 niciem
961 4409 1398 4470 contrahendis
1441 4410 1782 4469 catholicos
1826 4412 2241 4470 absterreant.
2428 4462 2438 4471 .
2915 4437 2920 4442 ·

829 4506 854 4541 5
895 4505 1213 4564 Benedict.
1247 4505 1398 4564 XIV
1443 4504 1534 4562 De
1570 4505 1830 4577 Synodo
1863 4505 1970 4561 lib.
2003 4506 2065 4562 6.
2094 4521 2238 4579 cap.
2271 4504 2333 4562 5.
2385 4522 2451 4561 n.
2490 4502 2567 4570 4‚·
2599 4538 2642 4549 -
2676 4507 2740 4564 et
2773 4502 2912 4561 vide
2946 4501 3051 4560 lib.
3093 4499 3151 4558 9.

701 4635 706 4647 ν
737 4623 840 4679 ³³:³³·
896 4602 955 4661 3.
1592 4633 1600 4639 ·
