3509 5317
1349 523 1705 585 ..305-

316 683 353 727 «
382 661 559 731 Dico
608 659 1040 730 finalmente
1086 661 1227 730 che
1275 661 1296 729 i
1346 661 1670 732 suddetti
1718 658 1915 731 Tizz‘o
1951 661 2022 729 S.
2073 680 2115 731 e
2165 660 2404 729 Beria
2437 660 2526 728 B.
2575 678 2761 728 sonu

317 791 354 834 «
387 771 672 857 parenti
718 767 834 839 fra
882 769 1042 839 loro
1089 769 1160 838 in
1208 766 1279 838 3⁰
1310 768 1572 856 grado.
1620 770 1730 838 Ed
1780 788 1961 840 ecco
2011 769 2055 837 l’
2079 769 2337 840 albero
2385 769 2524 837 che
2557 772 2769 837 stalli—

317 897 354 939 «
387 876 562 945 lisce
612 875 678 945 la
731 875 889 945 loro
939 876 1363 964 parentela:
1412 873 1724 946 Andrea
1774 877 1861 944 P.
1909 876 2191 963 stipite,
2241 875 2335 945 da
2385 874 2502 943 cui
2553 872 2595 944 e
2653 896 2767 936 wa

318 1004 355 1046 «
385 988 561 1053 nuta
615 982 978 1072 Ayostina
1024 1002 1066 1052 e
1116 981 1553 1067 Domestica,
1606 984 1703 1053 da
1752 987 2017 1070 questa
2068 980 2289 1068 Luiffl'
2329 982 2451 1066 B„
2505 1001 2548 1051 e
2594 980 2657 1052 la
2697 984 2761 1048 ali

317 1091 485 1159 «lui
536 1089 731 1177 flglia
783 1091 1020 1159 Berta
1068 1092 1158 1160 B.
1232 1092 1336 1160 Da
1400 1093 1755 1179 Agostina
1810 1091 1932 1178 poi
1980 1089 2444 1187 Maddalena
2498 1091 2609 1175 Q„
2673 1096 2761 1156 :lsi

317 1218 354 1259 ‹<
384 1196 825 1267 Maddalena
894 1196 1087 1266 Tizio
1135 1197 1204 1266 S.
1253 1197 1326 1266 di
1376 1198 1463 1268 lei
1512 1196 1715 1285 figlio
1748 1220 1787 1262 »
1839 1197 2096 1284 (Alleg.
2132 1196 2233 1281 C).

445 1308 555 1374 22.
606 1306 738 1374 His
785 1305 1143 1374 omnibus
1176 1311 1394 1392 patet,
1428 1305 1778 1375 arborem
1815 1304 2477 1393 consanguinitatis
2509 1324 2608 1374 ex
2653 1327 2769 1392 pn-

315 1412 765 1483 rochialibus
812 1413 1194 1482 codicibus
1241 1418 1534 1484 erutam
1583 1412 2173 1482 luculentissima
2212 1432 2304 1483 ac
2335 1413 2761 1500 plenissima

316 1519 750 1606 probatione
797 1517 1227 1588 confirmari
1288 1538 1425 1606 per
1486 1526 1712 1589 testes
1784 1519 2066 1588 nedum
2118 1520 2205 1587 in·
2240 1520 2565 1589 themate
2629 1524 2769 1588 idn-

202 1661 208 1666 ·
315 1646 521 1711 neOS,
569 1627 703 1696 sed
752 1631 826 1697 et
870 1628 1076 1695 omni
1125 1628 1563 1715 exceptione
1611 1620 1937 1699 maiores
1997 1633 2079 1695 ut
2144 1628 2498 1714 superius
2544 1628 2765 1696 innui-

318 1733 405 1800 Hi
454 1732 654 1801 enim
702 1730 976 1802 talibus
1022 1735 1563 1821 praerogativis
1613 1734 1930 1821 pollent,
1983 1739 2063 1802 ut
2110 1733 2409 1820 plenam
2474 1734 2761 1804 valeant

316 1837 545 1908 fldem
597 1840 668 1907 in
718 1840 983 1909 iudicio
1045 1839 1306 1910 facere.
1380 1842 1570 1910 Huic
1639 1840 2100 1918 conclusioni
2170 1839 2633 1928 suffragatur
2705 1848 2768 1908 in

318 1947 578 2033 primis
625 1953 1011 2035 perspecta
1064 1949 1476 2018 eorundem
1552 1948 1846 2035 religiO,
1896 1947 2130 2035 fldeS‚
2181 1966 2485 2017 morum
2556 1949 2773 2016 how-

317 2058 494 2138 stas,
544 2055 817 2141 optima
866 2051 1069 2126 fama
1116 2055 1375 2143 (Alleg.
1421 2055 1526 2141 E).
1574 2093 1622 2103 -
1668 2054 2141 2143 Suffragatur
2187 2056 2440 2143 gravis
2507 2076 2769 2126 eornm

318 2165 544 2245 aetaS,
598 2162 1035 2232 maturitatis
1082 2163 1321 2232 iudicii
1372 2164 1596 2251 socia,
1632 2163 2016 2250 corrumpi
2063 2163 2312 2232 nescia
2364 2161 2620 2250 (Alleg.
2669 2168 2769 2236 Η.

318 2273 390 2337 et
435 2268 506 2335 in
557 2287 706 2355 qua
757 2267 1075 2355 perfecte
1122 2270 1237 2337 sui
1288 2288 1603 2357 compos
1653 2265 1871 2339 mens
1919 2269 2177 2355 elucet,
2230 2271 2329 2339 uti
2379 2288 2641 2339 eorum
2685 2272 2773 2332 'tn-

319 2373 602 2445 dicialia
653 2393 1015 2462 responsa
1064 2376 1444 2447 evidenter
1490 2377 1912 2462 ostendunt,
1948 2380 2296 2464 quaeque
2327 2375 2773 2445 confirmant

319 2481 522 2567 quod
572 2481 1026 2568 experientia
1074 2483 1310 2568 docet,
1359 2502 1583 2552 senes
1630 2483 1908 2563 clarius
1959 2485 2359 2553 memorari
2408 2480 2771 2552 factorum

322 2588 839 2678 dictorumque
887 2593 1400 2678 praecedentis
1433 2607 1713 2661 ‘eorum
1780 2593 2081 2676 aetatis,
2131 2610 2359 2678 quam
2434 2609 2777 2678 praesen-

323 2695 430 2764 tis.
476 2733 524 2742 —
562 2695 1037 2786 Suffragatur
1081 2698 1607 2768 iusiurandum
1642 2698 1740 2768 ab
1772 2698 1880 2768 eis
1921 2698 2355 2767 solemniter
2401 2716 2777 2784 nuncupa-

322 2809 502 2889 tum,
550 2805 774 2891 quod,
823 2807 1445 2876 concurrentibus
1494 2807 1876 2876 recensitis
1926 2804 2481 2892 praerogativiS,
2535 2823 2773 2872 mora-

323 2908 469 2978 lem
517 2910 1030 2981 certitudinem
1066 2913 1391 2999 praebet,
1429 2931 1564 2983 eos
1596 2931 1780 2982 vera
1810 2912 2114 2982 dixisse.
2165 2911 2259 2979 lis
2292 2911 2493 2979 enirn
2526 2920 2779 2997 aperti*

324 3026 713 3105 repugnat,
765 3018 1195 3088 huiusmodi
1243 3024 1472 3089 testes
1518 3020 1589 3087 in
1638 3019 1907 3089 iudicio
1955 3024 2202 3088 tantae
2249 3016 2629 3104 gravitatis
2665 3038 2781 3104 Im-

321 3123 555 3193 tuisse
603 3128 887 3223 tantum
939 3124 1151 3194 nefas
1198 3132 1514 3212 patrare,
1566 3134 1645 3196 ut
1692 3126 1944 3194 miseri
1993 3131 2358 3213 quaestus
2418 3125 2507 3209 (si
2554 3144 2777 3210 qur-111

325 3232 606 3302 habere
654 3234 1071 3320 potuissent
1115 3235 1213 3304 ab
1258 3233 1408 3304 alio
1457 3233 1777 3303 ruricola
1827 3233 2169 3303 eiusdem
2219 3250 2309 3302 ac
2356 3232 2496 3319 ipsi
2543 3232 2778 3301 conili-

324 3341 544 3411 tionis
590 3347 660 3410 et
705 3339 1092 3427 facultatiS,
1138 3340 1398 3410 colono
1443 3339 1564 3410 del
1605 3357 1938 3429 parroco
1985 3337 2066 3407 di
2108 3359 2167 3406 ε.
2216 3335 2615 3421 Venanzio,
2673 3344 2725 3404 ,at
2749 3340 2777 3400 l-

327 3448 467 3537 leg.
509 3448 583 3517 C.
632 3448 875 3535 qualis
921 3446 1308 3534 estactor)
1370 3453 1501 3516 aut
1556 3447 1922 3516 comitatis
1969 3464 2244 3530 causa,
2293 3443 2565 3514 falsum
2618 3464 2781 3529 prm

324 3555 622 3639 ferrent,
671 3575 760 3625 ac
808 3556 1002 3642 turpi
1051 3554 1375 3642 periurio
1423 3553 1832 3623 firmarent.
1902 3575 1939 3617 ⁴<
1971 3554 2136 3621 Non
2187 3559 2339 3621 tam
2388 3560 2641 3620 autern
2693 3572 2781 3616 aaz

330 3684 370 3726 ι
404 3661 897 3748 facultatibus,
946 3682 1178 3750 quam
1228 3682 1326 3733 ex
1364 3662 1513 3731 fide
1561 3667 1634 3732 et
1678 3663 2017 3731 moribus
2063 3662 2271 3730 testis
2320 3661 2636 3729 idoneus
2669 3684 2781 3724 :w

331 3790 371 3832 ι
407 3771 750 3839 stimatur
781 3791 817 3833 »
868 3770 971 3839 uti
1017 3788 1116 3839 ex
1148 3769 1390 3839 Gloss.
1426 3768 1641 3838 docet
1672 3769 1884 3838 Cosci
1935 3769 2079 3852 (De
2112 3787 2363 3857 separ.
2402 3773 2540 3835 tor.
2573 3765 2689 3834 lib.
2725 3776 2785 3832 22.

324 3899 385 3948 e.
422 3879 487 3946 8.
537 3898 607 3945 n.
642 3879 786 3963 46).
832 3915 877 3928 -
926 3878 1313 3947 Praeterea
1364 3876 1823 3966 suffragatur
1872 3877 2076 3963 quod
2124 3880 2500 3962 comperta
2554 3876 2785 3944 oculta

325 3983 748 4073 perferant:
795 3984 1406 4073 quandoquidem
1456 3987 1614 4054 sive
1666 3985 1949 4056 ratione
1998 3984 2334 4053 eiusdem
2380 3984 2785 4072 sanguinis„

328 4093 491 4162 sive
540 4091 879 4162 eiusdem
930 4091 1089 4179 loci,
1126 4093 1284 4162 sive
1330 4094 1587 4181 gravis
1618 4093 1898 4178 aetatis,
1934 4092 2154 4178 plene
2186 4110 2275 4161 ac
2309 4092 2789 4178 personalia-r

329 4200 677 4269 noverint
722 4217 993 4268 omnes
1040 4218 1427 4287 personas,
1480 4200 1816 4286 aliosque
1862 4197 2201 4286 singulos
2233 4197 2523 4286 gradus
2552 4196 2789 4265 disisam*

325 4308 578 4376 xerint
625 4306 894 4392 (praec.
945 4326 1014 4373 n.
1051 4307 1201 4392 18),
1250 4307 1528 4394 quibus
1573 4310 1863 4376 constat
1926 4304 2151 4374 arbor
2200 4302 2610 4389 praedicta,
2661 4328 2785 4372 ‹zi--

326 4419 545 4504 cepto
615 4413 897 4503 αἰρέτω
969 4416 1168 4502 quod
1245 4414 1419 4483 nihil
1491 4413 1755 4498 officit,
1816 4431 1993 4481 cum
2066 4416 2265 4481 certa
2338 4414 2785 4499 propriafflw

323 4522 639 4591 scientia
683 4521 917 4608 probe
988 4520 1331 4591 noverint
1374 4520 1638 4608 stipitis
1684 4518 1920 4604 filias,
1970 4518 2470 4606 Augustinam
2520 4523 2593 4587 et
2661 4520 2789 4584 lliw

324 4630 706 4714 minicam,
757 4633 828 4697 et
872 4633 1072 4697 certo
1121 4627 1473 4696 sciverint
1518 4645 1688 4695 esse
1721 4643 2045 4694 sorores.
2093 4658 2137 4671 -
2185 4621 2657 4711 Suffragatur
2701 4636 2789 4692 ηι-

488 4771 796 4814 ΜΑΝεειιΑ.
828 4770 900 4811 De
927 4769 1347 4820 lmpeaamentts.
