3509 5317
707 547 860 605 ,67-

167 684 255 754 satia
283 688 414 753 mutuo
440 685 599 769 partium
624 684 878 754 dissolvantur
896 704 1097 774 consenso,
1122 690 1331 762 dommodo
1350 695 1399 763 ab

166 790 264 859 initio
291 790 414 860 valida
444 788 596 875 fuerint,
629 791 731 861 iuxta
763 791 1029 862 resolutionem
1054 795 1089 864 S.
1112 795 1147 865 C.
1172 798 1320 868 Concitii
1350 801 1399 870 ab

111 885 114 892 ’
166 897 385 968 Alexandro
403 897 471 966 VII
495 897 743 985 approbatam
767 899 827 969 die
852 903 896 970 10
917 901 992 970 iuiii
1017 903 1105 973 1658
1131 906 1232 991 apud
1257 907 1398 995 Fagna·

167 1024 257 1074 num
278 1005 305 1090 ¹3
330 1005 509 1094 quidquid
535 1005 593 1075 aiii
618 1005 722 1076 aliter
746 1007 907 1077 sentiant
921 1004 945 1075 ².

231 1116 288 1182 23.
313 1114 370 1182 Ad
396 1110 597 1182 Ecclesiam
626 1111 852 1182 Orientalem
877 1114 978 1202 qnod
1004 1118 1138 1201 attinet,
1164 1119 1211 1188 de
1235 1119 1308 1188 hoo
1332 1121 1396 1188 im·

166 1221 380 1307 pedimento
404 1221 528 1289 scribit
552 1220 745 1291 Blastaris:
772 1222 849 1289 «In
872 1224 1012 1311 nuptiis
1035 1226 1301 1296 contrahendis
1322 1248 1397 1297 non

166 1327 293 1397 sotum-
320 1328 409 1416 quid
436 1328 664 1415 permissum
691 1330 738 1398 sit
761 1331 1066 1418 consideramus,
1092 1352 1224 1402 verum
1249 1336 1397 1422 etquid

167 1437 212 1505 sit
235 1437 432 1505 honestam
448 1459 479 1500 ».
507 1438 632 1519 Quare
659 1436 757 1506 «ubi
782 1436 945 1526 perfecta
969 1445 1057 1508 sunt
1079 1440 1290 1528 sponsabo,
1318 1443 1398 1514 iicet

166 1544 369 1632 antequam
393 1562 481 1613 eum
505 1544 733 1632 desponsata
763 1544 834 1614 sibi
858 1546 914 1614 vir
937 1553 1043 1617 coeat
1073 1567 1140 1635 per
1165 1556 1326 1618 mortem
1349 1552 1398 1620 ab

165 1670 209 1721 ea
236 1651 444 1744 diremptus
466 1650 594 1738 fuerit,
628 1672 675 1723 ne
700 1652 818 1723 laicus
841 1655 993 1741 quidem
1027 1655 1166 1726 ducere
1196 1662 1317 1744 potest
1342 1660 1398 1729 vel

167 1759 433 1829 consobrinam
470 1761 570 1847 eius,
606 1759 663 1831 vel
699 1762 811 1831 aliam
844 1781 1047 1849 personam
1082 1772 1282 1852 cognatam
1319 1766 1399 1855 tege

166 1867 426 1953 prohibitam»
447 1864 700 1956 ⁸.-Synodus
723 1876 849 1939 autem
874 1871 1111 1957 provincialis
1136 1873 1397 1943 Ruthenorum

167 1974 292 2044 habita
317 1975 535 2045 Zamosciae
559 1979 781 2064 anno1720,
806 1989 842 2047 et
865 1976 1043 2065 synodus
1067 1979 1303 2065 provincialis
1327 1984 1399 2052 Ma·

168 2083 377 2151 ronitarum
402 2084 438 2150 in
464 2091 590 2153 monte
613 2085 757 2154 Libano
781 2085 965 2155 celebrata
991 2104 1090 2154 anno
1114 2088 1218 2173 1736,
1243 2089 1291 2156 ab
1315 2108 1400 2176 apo

167 2190 297 2260 stolida
329 2190 425 2260 Sede
457 2193 687 2278 approbatae
719 2202 754 2262 et
786 2191 1030 2262 confirmatae
1061 2193 1097 2261 in
1130 2193 1247 2264 torma
1282 2199 1398 2283 speei—

168 2296 238 2366 floa
258 2294 281 2382 ⁸,
306 2317 352 2367 ea
368 2299 606 2387 ingeminant,
624 2319 725 2387 quae
740 2301 787 2369 de
804 2301 876 2370 hoo
896 2301 1162 2387 impedimento
1179 2307 1258 2372 tum
1277 2303 1400 2373 deora

167 2405 308 2493 talium,
333 2411 412 2474 turn
429 2407 631 2476 Tridentini
649 2408 729 2477 iure
753 2409 949 2477 constituta
967 2414 1056 2478 sunt
1076 2429 1142 2497 pro
1159 2411 1400 2498 sponsalibus

169 2531 213 2581 ae
237 2512 474 2583 matrimonio
499 2519 579 2583 rato
597 2512 618 2582 ⁵.

237 2748 246 2785 ¹
272 2748 349 2807 Vide
374 2748 556 2826 Fagnanum
586 2749 617 2807 in
644 2770 708 2828 eap.
740 2752 784 2809 od
811 2751 1022 2809 aradientiam
1045 2769 1078 2808 a.
1104 2748 1168 2819 29,·
1189 2782 1227 2796 -
1249 2758 1282 2811 et
1306 2752 1401 2810 Bene·

169 2846 285 2906 dietum
308 2846 382 2906 XIV
404 2849 457 2906 011.
483 2856 607 2924 praeeat.
633 2866 708 2908 ean.
733 2849 826 2918 201,·
844 2882 877 2892 -
897 2850 1034 2928 Sancitez
1058 2849 1116 2906 100.
1140 2851 1193 2908 eit.
1218 2868 1251 2908 n.
1279 2848 1333 2908 21.

235 2942 248 2981 ²
270 2943 349 3003 Vide
370 2944 448 3022 apud
471 2946 657 3006 Leurenium
682 2948 735 3003 lib.
761 2945 793 3004 4.
819 2949 865 3004 tit.
895 2947 923 3004 1.
949 2954 1073 3022 quaest.
1103 2946 1179 3006 113.
1205 2965 1238 3004 a.
1265 2950 1297 3007 3.

235 3041 247 3078 ³
270 3041 348 3101 Vide
371 3043 622 3121 Papp-Szilagyi
646 3045 702 3102 loe.
728 3046 781 3103 eit.
807 3045 826 3118 ἓ
851 3043 929 3112 116,
950 3044 1001 3103 ubi
1023 3045 1118 3103 etiam
1133 3063 1170 3103 ea
1186 3039 1301 3116 refert,
1324 3062 1401 3121 quae

168 3141 350 3200 [detractio
372 3151 544 3201 auetrtaea
565 3143 601 3202 de
624 3144 680 3202 hoo
695 3143 914 3220 impedimento
935 3144 1123 3220 praeseribit
1143 3144 1181 3202 ad
1196 3143 1400 3203 ecelesiastici

168 3240 247 3300 iuria
267 3242 422 3301 tramites.

235 3338 413 3414 ⁴Syn0dus
434 3341 648 3400 Ruthenorum
671 3342 842 3418 approbata
873 3340 974 3400 suita
1001 3340 1166 3400 Benedieto
1187 3340 1263 3399 XIII
1296 3340 1399 3399 Const.

167 3435 379 3512 Apostolatua
395 3440 544 3513 officiam
566 3439 616 3498 die
644 3436 683 3494 19
700 3440 779 3497 iulii
804 3436 897 3499 1724
903 3459 915 3506 ;
933 3470 966 3481 -
986 3438 1127 3513 Synodus
1147 3442 1250 3496 autern
1266 3438 1402 3496 Maroni-

169 3541 271 3596 tarum
295 3556 313 3595 a
336 3536 501 3597 Benedieto
516 3536 590 3596 XIV
613 3537 718 3597 (toust.
736 3537 929 3610 Sirrpularis
950 3537 1178 3594 Romanorum
1200 3535 1401 3610 Pontificum

167 3634 215 3692 die
242 3636 257 3693 1
282 3635 472 3708 septembris
497 3633 597 3696 1741.

236 3728 248 3766 ⁵
271 3733 351 3792 Vide
374 3733 530 3810 Synodum
552 3733 766 3794 Ruthenorum
789 3736 836 3792 tit.
856 3733 925 3808 3.§
947 3734 978 3792 8.
999 3751 1078 3810 pap.
1101 3729 1182 3800 109;
1203 3765 1237 3775 -
1268 3735 1300 3791 et
1322 3732 1402 3808 Syn-

166 3839 255 3898 odum
277 3833 506 3896 Maronitarum
530 3831 551 3889 I.
575 3849 601 3890 0.
628 3850 662 3890 n.
688 3832 719 3890 8.
744 3829 844 3906 §XL
865 3849 945 3906 pap.
970 3829 1024 3888 79.
