3509 5317
1781 484 2099 545 ...93-

721 628 906 708 vnto,
958 620 1337 692 evidenter
1381 629 1688 709 constet,
1740 621 2258 709 impotentiam
2303 621 2625 690 coeundi
2671 638 2842 690 esse
2890 622 3173 688 antece·

717 732 1003 797 rientem
1055 734 1128 798 et
1169 737 1649 819 perpetuam,
1704 729 2263 799 matrimonium
2307 747 2451 818 per
2482 745 2561 797 se
2592 725 2883 797 nullum
2915 730 3048 795 est.
3097 726 3170 796 Si

721 856 894 905 toro
943 856 1042 906 ex
1095 837 1279 906 actis
1327 845 1400 906 et
1431 837 1764 924 probatis
1809 837 2011 907 clare
2057 837 2439 924 colligitur,
2493 834 3003 922 impotentiam
3060 851 3173 901 su-

713 942 1138 1032 pervenisse
1183 944 1332 1012 iam
1380 945 1551 1012 inito
1602 945 2097 1030 matrimonio,
2146 946 2264 1013 vel
2313 945 2531 1014 etiam
2583 943 2644 1011 si
2694 960 2793 1011 ex
2839 942 3022 1009 actis
3068 940 3172 1008 iu-

717 1052 1098 1121 dicialibus
1148 1053 1277 1121 rite
1326 1050 1676 1121 confectis
1722 1050 2089 1121 incertum
2131 1057 2447 1133 maneat,
2475 1071 2570 1120 an
2616 1048 3045 1135 impotentia
3080 1049 3172 1115 sit

717 1158 1159 1228 finteeedens·
1228 1158 1342 1228 vel
1412 1157 1869 1247 subsequens
1894 1213 1920 1245 ‚
2010 1164 2501 1248 temporanea
2566 1157 2685 1227 vel
2743 1158 3159 1244 per-petua,

717 1280 890 1334 lunc
937 1267 1183 1337 relicta
1231 1267 1518 1335 actione
1565 1267 1934 1353 nullitatiS,
1987 1267 2410 1354 proceditur
2457 1267 2529 1334 in
2591 1283 2822 1334 causa
2884 1260 3171 1350 dispen-

713 1372 1047 1458 maraonis,
1101 1374 1419 1443 servatis
1466 1374 1559 1442 de
1606 1374 1768 1444 iure
1817 1373 2233 1443 servandis.
2284 1411 2327 1420 -
2375 1377 2470 1443 At
2516 1373 2578 1442 si
2649 1371 2764 1441 vel
2823 1370 2921 1440 ab
2970 1369 3167 1437 initio

713 1482 963 1555 mitari
1015 1481 1186 1550 velit
1228 1500 1458 1551 causa
1511 1481 1878 1568 nullitatiS,
1928 1481 2318 1570 alleganda
2391 1479 2579 1549 foret
2637 1478 2873 1561 altera
2928 1495 3168 1565 aeque

713 1588 966 1668 mavis
1010 1607 1241 1658 causa
1270 1643 1287 1674 ,
1341 1594 1418 1657 ut
1465 1607 1587 1657 res
1634 1591 1926 1659 ineatur
1973 1597 2045 1658 et
2107 1588 2460 1676 procedat
2517 1589 2586 1654 in
2653 1587 2937 1656 ratione
2999 1604 3169 1673 pon·

717 1696 975 1777 [stiriae
1022 1696 1618 1783 dispensationis.

845 1805 951 1872 23.
1002 1805 1237 1873 Porro
1281 1801 1792 1892 probatione&
1846 1824 2043 1893 quae
2091 1805 2185 1874 de
2220 1804 2526 1873 veritate
2560 1801 3041 1888 impotentiae
3068 1819 3171 1869 re·

713 1912 1107 1996 ‹ltiiruntur
1150 1907 1228 1978 in
1274 1931 1512 1980 cansa
1557 1909 2166 1995 dispensationis,
2224 1910 2534 1979 minoris
2583 1909 2938 1977 momenti
3002 1926 3168 1977 esse

717 2024 1032 2100 lalffisunt
1075 2025 1147 2087 et
1194 2017 1589 2103 sufficiunt,
1639 2037 1867 2106 quam
1921 2018 2086 2087 illae
2133 2036 2328 2105 quae
2361 2017 2838 2086 necessariae
2867 2014 3166 2083 suntad

717 2124 1177 2214 [wobandam
1227 2126 1740 2212 impotentiam
1788 2125 2354 2195 antecedentem
2406 2129 2477 2193 et
2510 2129 2971 2211 perpetuam,
3005 2121 3164 2191 sive

709 2232 1133 2302 absolutam
1181 2233 1341 2301 sive
1391 2233 1799 2317 relativam,
1849 2252 2045 2320 quae
2093 2231 2458 2319 allegatur
2506 2249 2641 2318 pro
2674 2228 3166 2300 fundamento

713 2339 1204 2408 tltvlarandae
1254 2338 1620 2408 nullitaiis
1668 2336 2135 2408 matrimonii
2175 2357 2317 2428 pet·
2363 2335 2705 2427 officium
2752 2335 3036 2406 iudicis.
3090 2338 3164 2404 ln

713 2464 940 2514 [Ji-uisa
989 2447 1185 2514 enim
1236 2447 1809 2534 dispensationis
1856 2445 2128 2516 sufficit
2179 2451 2255 2516 ut
2300 2449 2482 2514 artis
2515 2446 2742 2532 periti,
2779 2450 3166 2531 perspecto

709 2551 1025 2641 coniuge
1073 2553 1492 2641 impotente,
1546 2554 1866 2622 iudicent
1896 2554 1990 2623 de
2022 2552 2293 2624 actuali
2331 2554 2780 2640 impotentia,
2820 2553 3168 2639 quamvis

713 2679 879 2724 anm
928 2660 1497 2746 deprehendant
1542 2680 1677 2749 per
1725 2661 1936 2749 signa
1988 2661 2549 2747 praesumptive
2584 2660 2993 2746 probantia,
3031 2678 3164 2728 nec

713 2768 1136 2836 necessario
1185 2769 1582 2856 requiritur
1631 2775 1709 2838 ut
1756 2768 2092 2839 eiusdem
2144 2768 2536 2855 qualitates
2582 2766 2981 2852 declarent,
3031 2767 3163 2836 sed

717 2904 745 2924 π
789 2875 965 2943 satis
1011 2881 1142 2961 est,
1196 2882 1275 2944 ut
1321 2885 1519 2946 tenet
1566 2877 1879 2965 Ursaya,
1931 2875 2134 2964 quod
2167 2875 2357 2944 dicta
2392 2874 2821 2960 impotentia
2853 2874 2948 2943 sit
2977 2875 3165 2944 adeo

789 2983 1206 3068 probabiliS,
1262 2990 1340 3052 ut
1386 3002 1742 3053 summus
1792 2982 2131 3053 Pontifex
2180 2983 2378 3052 illam
2430 3000 2687 3051 veram
2738 2982 3168 3051 existimare

717 3116 749 3148 et
789 3091 1019 3176 possit
1064 3090 1386 3178 indeque
1435 3092 1719 3160 moveri
1768 3069 1864 3161 ad
1912 3091 2225 3179 gratiam
2275 3089 2916 3176 dispensationis»
2957 3089 3002 3156 ².

841 3200 947 3266 24.
996 3200 1257 3285 Neque
1305 3200 1549 3267 obstat
1594 3199 1819 3286 quod,
1869 3218 2020 3267 non
2068 3198 2382 3286 cognitis
2429 3196 2908 3285 qualitatibus
2939 3196 3169 3283 impo-

713 3308 992 3391 twntiae,
1042 3307 1470 3395 contingere
1519 3307 1749 3393 possit
1799 3312 1877 3375 ut
1923 3306 2382 3393 dispensatio
2430 3305 2887 3374 concedatur
2933 3323 3166 3391 super

713 3415 1181 3482 matrimonio
1230 3431 1547 3501 prorsus
1592 3413 1794 3481 irrito
1852 3414 1950 3482 ob
2020 3414 2532 3500 impotentiam
2598 3412 3160 3481 antecedentem

709 3532 773 3588 et
825 3529 1285 3609 perpetuam.
1333 3522 1524 3589 Nam
1581 3521 1721 3589 «in
1773 3521 1916 3589 hac
1961 3519 2127 3590 facti
2176 3521 2578 3607 specie,-ut
2623 3520 2806 3588 scite
2837 3518 3166 3588 animad-

789 3631 994 3700 vertit
1038 3628 1449 3699 cardinalis
1498 3630 1875 3714 De—Luca,
1933 3647 2104 3698 vei-e
2151 3634 2223 3698 et
2273 3629 2570 3715 proprie
2619 3646 2767 3696 non
2818 3633 2978 3696 erat
3026 3628 3166 3696 dis·

789 3738 1118 3820 pensatio
1166 3753 1398 3823 super
1449 3737 1923 3804 matrimonio
1971 3736 2296 3823 alioquin
2346 3734 2569 3804 firmo
2626 3753 2716 3806 ac
2778 3734 3167 3803 indissolu-

793 3845 925 3931 bili,
975 3845 1156 3913 dum
1207 3844 1573 3914 stantibus
1619 3843 1839 3913 claris
1885 3844 2153 3913 inditiis
2213 3845 2717 3931 impedimenti
2784 3845 3163 3930 naturalis,

717 3976 749 4012 “z
793 3952 1175 4021 videbatur
1223 3953 1469 4038 potius
1515 3953 1890 4039 quaedam
1928 3953 2466 4021 administratio
2501 3953 2836 4037 iustitiae,
2874 3952 2965 4020 ita
3003 3970 3167 4039 pru-

717 4088 745 4116 t
789 4058 1190 4129 dentialiter
1237 4059 1382 4127 sub
1429 4059 1570 4127 alio
1618 4059 1822 4127 titulo
1874 4059 2113 4147 magis
2163 4060 2497 4143 honestO,
2552 4077 2760 4126 more
2809 4057 3164 4143 Principis

717 4192 745 4224 a
787 4166 1354 4250 administratae,
1390 4184 1566 4233 cum
1602 4167 1694 4235 ita
1732 4166 2120 4253 utriusque
2154 4166 2383 4253 partis
2416 4166 2704 4235 iuribus
2735 4165 3161 4233 consultum

717 4304 741 4332 i<
789 4277 1222 4357 remaneret,
1273 4290 1367 4340 ne
1414 4272 1689 4341 scilicet
1733 4274 1844 4340 vir
1890 4274 2320 4343 iudicialiter
2387 4273 2894 4342 declararetur
2939 4272 3168 4357 impo-

713 4408 741 4432 «κ
785 4388 963 4464 tens
1014 4379 1214 4465 quod
1267 4378 1459 4448 idem
1512 4379 1983 4467 abhorrebat,
2033 4383 2411 4469 sperando
2465 4387 2544 4450 ut
2589 4401 2677 4451 ea
2712 4380 3160 4468 impotentia,

849 4592 861 4628 ²
905 4592 1152 4667 Ursaya
1195 4601 1300 4651 cit.
1351 4594 1616 4669 discepc.
1671 4592 1781 4652 21.
1833 4613 1954 4654 nn.
2014 4593 2347 4654 103-104.
