3509 5317
21 9 293 149 Γ

668 514 847 574 -161-

140 646 214 716 alio
249 648 498 718 commissum
523 647 719 719 efficaciter
755 650 991 720 machinatus
1015 657 1072 719 est
1095 655 1254 719 mortem
1282 669 1375 721 snae

139 758 357 845 compartis
383 777 427 828 eo
459 755 535 827 flne
558 763 600 827 ut
623 758 904 827 matrimonium
939 777 1027 828 cum
1053 778 1098 828 eo
1122 759 1375 845 contrahatur,

140 868 206 954 qui
242 867 423 937 adulterio
448 867 610 954 pollutus
634 865 714 936 luit:
739 868 852 956 idque
886 869 1000 939 altera
1026 875 1131 956 parte
1166 870 1315 940 conscia
1340 874 1377 939 et

141 975 321 1062 participe
346 975 532 1044 homicidii
554 980 620 1045 aut
642 974 820 1045 adulterii.
845 1014 868 1022 -
889 978 925 1044 2⁰
954 978 1078 1058 Quum
1104 996 1153 1046 ex
1174 977 1375 1045 amborum

141 1100 345 1165 consensu,
382 1081 493 1151 etiam
528 1101 604 1150 non
640 1082 904 1152 interveniente
938 1083 1129 1168 adulterio,
1165 1081 1206 1151 fit
1241 1082 1376 1151 occisio

143 1190 259 1258 unius
293 1208 343 1259 ex
378 1189 594 1277 coniugatis.
618 1226 640 1240 -
661 1191 699 1260 3⁰
724 1192 846 1272 Quum
882 1197 1118 1278 perpetratur
1152 1191 1376 1260 adulterium

142 1316 235 1366 cum
259 1298 507 1385 promissione
532 1297 755 1367 matrimonii
780 1304 865 1385 post
880 1299 1049 1387 coniugis
1072 1298 1197 1368 adbuc
1220 1298 1378 1367 viventis

142 1404 289 1473 obitum
312 1404 536 1491 celebrandi,
560 1410 595 1474 et
619 1405 819 1491 promissio
844 1426 865 1474 a
891 1410 1128 1493 constuprata
1166 1404 1274 1474 fuerit
1296 1424 1377 1473 ver-

144 1511 203 1580 bis
228 1517 293 1580 aut
316 1518 472 1581 externo
495 1512 604 1601 signo
632 1518 833 1599 acceptata.
856 1551 880 1560 -
902 1515 937 1581 4⁰
963 1515 1088 1594 Quum
1123 1514 1208 1600 quis
1232 1513 1378 1582 vivente

144 1619 307 1707 legitima
344 1620 502 1708 coniuge
525 1620 590 1689 init
620 1624 656 1689 et
682 1625 922 1690 consummat
948 1622 1097 1708 nuptias
1120 1639 1207 1690 cnm
1243 1620 1375 1690 altera:

145 1725 206 1794 bic
230 1726 331 1794 enlm
354 1726 509 1796 alteram
535 1732 663 1814 postea
689 1733 836 1796 mortua
862 1727 1022 1815 legitima
1047 1727 1216 1815 coniuge,
1242 1728 1379 1797 ducere

145 1851 221 1901 non
246 1837 370 1919 potest
394 1833 429 1903 in
455 1834 753 1903 matrimonium:
778 1834 841 1922 qui
865 1852 981 1904 casus
1015 1835 1141 1904 locum
1166 1852 1239 1903 non
1265 1834 1379 1904 habet

146 1939 175 2008 si
201 1940 321 2009 altera
355 1941 595 2028 expertibus
630 1941 727 2010 bona
752 1940 827 2011 fide
850 1942 1037 2030 ignorarit,
1062 1960 1136 2010 non
1161 1960 1247 2011 esse
1283 1960 1378 2010 mor·

146 2049 251 2115 tuam
279 2046 478 2134 legitimam
503 2049 664 2135 priorem
701 2055 944 2135 campartem,
969 2055 1034 2119 aut
1056 2051 1087 2117 si
1113 2058 1312 2136 postquam
1343 2050 1380 2119 id

148 2154 280 2241 didicit,
305 2173 327 2224 a
351 2154 622 2226 cohabitatione
645 2157 943 2242 temperaverit»
963 2155 985 2223 ¹.

637 2353 815 2433 curor
844 2354 893 2428 v.
1006 2460 1009 2467 Γ

150 2527 199 2608 lle
215 2525 486 2630 dispensatione
503 2529 547 2608 ab
564 2525 830 2628 impedimenlis
845 2526 1103 2610 matrimonium
1120 2526 1381 2609 dirimentibus.

179 2655 218 2736 ΕΙ
233 2654 405 2758 quaedam
422 2653 466 2735 de
482 2652 739 2736 cousuetudine
754 2653 868 2757 quoad
884 2655 1092 2735 lacullalem
1108 2650 1354 2755 dispensandi.

218 2836 249 2902 1.
275 2833 316 2900 ln
352 2832 514 2920 quolibet
548 2831 781 2901 enucleando
805 2831 1070 2917 impedimento
1102 2830 1381 2899 matrimonium

152 2938 357 3025 dirimente,
381 2937 513 3007 sedulo
548 2940 766 3007 adnotatum
803 2945 869 3022 est,
894 2956 1081 3024 quaenam
1117 2936 1380 3023 impedimenta

152 3045 290 3133 deine,
318 3048 398 3117 sive
420 3046 591 3117 naturali
612 3048 692 3116 sive
726 3044 901 3135 position,
929 3066 1117 3135 quaenam
1146 3048 1312 3114 brtnrnno
1336 3046 1386 3114 di·

155 3156 289 3226 rimant
312 3154 407 3241 iure,
435 3162 476 3226 ut
498 3156 598 3225 clare
622 3155 836 3239 innotescat,
861 3174 1050 3243 quaenam
1075 3155 1123 3224 ab
1143 3154 1306 3223 Ecclesia
1324 3155 1385 3221 ab

154 3264 285 3351 rogari,
312 3261 515 3350 reformari,
540 3262 747 3349 dispensari
772 3269 908 3350 queant
926 3263 1193 3349 impedimenta
1216 3263 1387 3332 dirimen-

153 3371 211 3457 tia,
236 3375 274 3441 et
295 3389 482 3458 quaenam
518 3375 707 3458 nequeant
723 3368 747 3435 ².
771 3370 937 3440 Ecclesia
967 3372 1067 3439 enim
1092 3370 1270 3458 quidquid
1304 3371 1384 3457 ipsa

153 3478 338 3548 constituit
362 3479 419 3548 vel
444 3478 623 3565 probavit,
643 3474 790 3545 auterre
825 3482 1035 3563 potestant
1070 3475 1284 3560 reformare,
1309 3495 1385 3544 non

155 3605 244 3656 vero
268 3586 369 3674 quod
394 3588 507 3657 aDeo
531 3585 578 3655 ita
602 3588 783 3653 statutum
806 3603 851 3653 ac
869 3585 1057 3652 sancitum
1082 3589 1147 3669 est,
1171 3592 1211 3652 ut
1231 3583 1385 3652 liberam

220 3747 347 3804 ¹Parl.
371 3746 403 3804 2.
427 3764 498 3820 cap.
529 3745 581 3803 ll.
604 3760 701 3818 puw.
729 3741 851 3805 77-78.
875 3742 964 3820 (edit.
999 3745 1089 3802 Rom.
1129 3741 1232 3821 1820)
1269 3742 1386 3816 Synodi

154 3845 357 3924 provincialis
383 3845 519 3905 nationis
548 3845 698 3920 Syrorum
721 3844 949 3905 Maronitarum
981 3844 1011 3902 in
1035 3846 1138 3902 monte
1158 3842 1276 3901 Libano
1307 3841 1388 3900 eele-

156 3944 264 4002 bratae
286 3960 337 4001 an.
357 3933 455 3998 '1736
475 3942 602 4018 Ioseplro
624 3942 762 4001 Simonio
784 3944 953 4002 assemano
975 3942 1012 3999 A.
1038 3941 1070 4000 S.
1096 3940 1261 4015 Ablegato,
1284 3941 1316 3997 et
1338 3937 1387 3996 cui

154 4042 280 4100 schema
301 4038 390 4099 buius
412 4039 530 4116 Synodi
555 4040 717 4100 tribuitur.
741 4043 768 4099 A
791 4039 948 4099 Benedict.
973 4038 1047 4097 XIV
1070 4037 1130 4097 luit
1151 4036 1335 4095 confirmata
1356 4039 1389 4095 et

154 4142 326 4219 approbata
347 4140 400 4199 cit.
426 4139 530 4199 Ooust.
556 4122 761 4213 sinpernus.

221 4238 338 4297 2Η1ηο
370 4238 490 4314 saepius
522 4237 622 4297 citata
652 4237 793 4312 synodus
824 4236 1009 4295 Libanensis
1039 4236 1190 4311 Syrorum
1218 4232 1389 4292 Maronita-

129 4342 235 4408 rum,
260 4341 294 4397 ut
315 4337 438 4414 planum
462 4335 569 4406 iaciat,
593 4336 756 4412 inquibus
785 4335 1015 4413 impedimentis
1036 4333 1174 4393 Ecclesia
1195 4333 1389 4408 dispensare

155 4441 259 4514 queat,
284 4435 423 4494 breviter
454 4453 490 4493 ac
511 4434 644 4493 dilucide
672 4434 804 4509 quinque
836 4433 973 4492 numeris
1003 4431 1181 4508 distinguit,
1204 4447 1282 4506 quae
1311 4428 1389 4487 iuris

154 4534 254 4593 divini
274 4532 331 4592 aut
351 4533 507 4592 naturalis
528 4532 603 4603 sint,
627 4538 756 4607 atquae
778 4531 856 4590 iuris
877 4530 1028 4589 canonici.
1050 4530 1127 4588 Vide
1149 4530 1250 4587 dictae
1272 4527 1389 4604 Synodi

151 4640 241 4709 part.
265 4630 299 4690 2.
322 4649 395 4705 cap.
424 4630 477 4690 11.
502 4630 523 4705 5
547 4630 598 4687 ll.
621 4646 720 4705 pepp.
744 4629 869 4689 82-83.
893 4628 969 4687 edit.
993 4629 1108 4687 Romae
1134 4626 1237 4686 1820.

237 4766 392 4809 biertanam.
407 4765 444 4806 De
458 4764 668 4815 impedimentis.
1311 4759 1335 4801 ll
