3509 5317
710 485 864 546 ..55-

171 630 262 698 salia
291 645 530 717 qaaecumque
559 624 706 695 ratione
729 625 851 694 valida
876 639 951 692 non
988 626 1107 706 erunt,
1143 625 1272 689 sancta
1308 617 1403 702 Syn-

171 739 268 810 odus
292 755 451 825 prorsus
473 735 584 820 161111;
610 735 672 804 ubi
697 739 821 805 autem
842 731 963 800 valida
979 728 1124 813 fuerint,
1142 728 1305 813 primum
1323 743 1405 812 gra·

171 848 262 917 dum
288 865 364 915 non
388 844 606 915 excedant»
633 840 656 910 ¹.

238 954 432 1022 Honestas·
449 936 599 1039 publica
623 954 703 1018 orta
728 965 777 1017 ex
801 942 1042 1015 matrimomo
1066 948 1152 1012 roto
1176 941 1312 1017 dirimit
1338 940 1402 1009 ad-

170 1062 245 1130 huc
271 1058 551 1128 matrimonium
570 1055 672 1124 iuxta
693 1055 887 1141 antiquum
903 1053 961 1121 ius
977 1051 1030 1120 ad
1045 1052 1227 1138 qzturtnm
1238 1044 1404 1136 prodam

169 1166 362 1236 inclusive.
388 1163 530 1252 synodi
546 1163 644 1231 enim
661 1160 898 1231 Tridentinae
916 1156 1093 1228 restrictio
1110 1154 1302 1242 sponsalia
1329 1160 1405 1222 tan-

170 1279 251 1343 tum
264 1272 313 1341 (16
324 1269 459 1354 future,
477 1288 553 1338 non
568 1287 657 1338 vero
675 1266 955 1337 matrimonium
972 1262 1264 1351 comprehendit,
1278 1279 1405 1347 unem-

68 1419 72 1427 ·
170 1382 379 1453 admodum
405 1378 604 1450 declaravit
627 1378 715 1446 Pius
739 1378 773 1445 V
797 1377 855 1444 his
879 1374 1024 1444 verbis:
1065 1375 1178 1441 «Nos
1202 1372 1325 1458 itaque
1328 1418 1403 1437 .......

169 1490 415 1574 attendentes,
440 1486 543 1575 quod
573 1484 810 1573 sponsalium
847 1481 1117 1570 appellatione,
1153 1499 1228 1568 qua
1264 1479 1403 1548 dictum

170 1597 378 1668 Concilium
402 1590 691 1680 (Truentinum)
715 1593 838 1676 utitur,
862 1609 937 1659 non
963 1591 1032 1657 nisi
1057 1588 1260 1676 improprie
1284 1586 1405 1654 matri·

170 1705 343 1774 monium
367 1702 493 1770 verbis
516 1700 563 1770 de
588 1700 772 1787 praesenti
796 1698 987 1784 conceptis
1018 1702 1251 1765 contractum
1288 1695 1401 1763 conti·

169 1816 337 1897 netur·,..;.
361 1809 531 1878 idcirco...
557 1807 795 1876 declaramus
813 1824 857 1874 ac
873 1804 1085 1890 delinimus,
1103 1804 1294 1873 decretum
1309 1802 1401 1871 Con·

169 1920 237 1988 cilii
265 1918 481 1987 huiusmodi
505 1917 657 1985 omnino
682 1914 960 2002 intelligendum
986 1931 1071 1982 esse
1094 1917 1130 1981 et
1146 1911 1349 1998 procedere
1366 1912 1402 1978 in

169 2026 412 2114 sponsalibus
437 2023 630 2095 defuturo
655 2024 862 2106 dumtaxat,
887 2040 963 2090 non
988 2025 1112 2090 autem
1148 2020 1184 2087 in
1217 2021 1406 2089 matrimo-

170 2136 231 2202 nio
256 2133 320 2218 sic,
346 2136 386 2201 ut
409 2129 625 2219 praefertur,
650 2135 850 2212 contracto,
874 2127 942 2196 sed
967 2127 1003 2194 in
1029 2145 1074 2195 eo
1105 2126 1243 2195 durare
1279 2128 1404 2196 adhuc

171 2239 480 2326 impedimentum
506 2238 543 2306 in
559 2235 729 2306 omnibus
745 2234 815 2304 (1116
831 2233 979 2305 casibus
995 2240 1032 2303 61
1044 2231 1242 2323 pradinas,
1263 2233 1403 2320 quihus

170 2348 217 2417 de
241 2346 324 2415 iure
342 2345 465 2435 ,aeteri
485 2352 571 2415 ante
597 2345 827 2432 praedictum
852 2343 1044 2413 decretum
1069 2342 1216 2411 Concilii
1242 2342 1403 2412 introdu-

171 2462 273 2525 ctum
299 2460 411 2525 erat»
438 2451 462 2521 2.

236 2565 269 2632 6.
296 2562 389 2632 Hinc
412 2561 583 2648 publicae
600 2559 806 2630 honestatis
821 2560 1131 2647 impedimentum
1149 2560 1266 2630 oritur
1278 2558 1404 2628 adhuc

171 2670 282 2739 hodie
307 2689 356 2739 ex
381 2668 617 2739 matrimonio
642 2668 752 2737 etiam
776 2665 954 2752 inualido,
981 2669 1069 2755 quia
1092 2673 1180 2737 ante
1195 2665 1403 2735 Concilium

170 2777 431 2846 Tridentinam
443 2777 621 2846 honestas
634 2795 685 2846 ex
702 2775 916 2845 huiusmodi
933 2776 1044 2845 etiam
1062 2773 1298 2846 matrimonio
1315 2775 1405 2844 orie-

171 2884 293 2966 batur.
734 2909 737 2914 ’

212 2995 269 3060 ,7.
294 2993 339 3060 Et
360 2991 537 3078 66661116
561 2990 654 3060 inter
690 2992 867 3059 Doctores
906 2990 1152 3076 disceptatum
1188 2986 1317 3076 luerit,
1354 3005 1402 3058 an

169 3098 405 3186 praedictum
430 3099 570 3167 oriatur
593 3097 905 3184 impedimentum
930 3116 979 3165 ex
1004 3096 1241 3166 matrimonio
1265 3101 1346 3165 rato
1370 3100 1405 3165 et

170 3224 246 3275 non
270 3211 546 3289 consummato
571 3204 640 3274 sed
662 3209 851 3274 contracto
887 3205 968 3273 sine
1003 3204 1214 3290 praesentia
1250 3202 1403 3290 parochi

171 3319 207 3382 et
228 3313 379 3386 testium
404 3332 474 3382 seu
498 3311 744 3397 clandestino,
772 3312 1010 3381 communior
1035 3315 1159 3382 tamen
1189 3329 1234 3381 ac
1269 3310 1403 3397 verior,

172 3425 212 3488 ut
235 3439 321 3490 eam
346 3420 519 3509 Ligurius
553 3419 715 3507 appellat
740 3417 762 3505 ⁸,
788 3420 964 3489 sententia
993 3423 1050 3488 est
1075 3425 1205 3489 contra
1233 3418 1404 3488 Sanchez

170 3526 341 3614 aliosque
365 3525 388 3613 ¹,
414 3527 517 3615 quod
541 3545 590 3597 6)(
614 3526 798 3596 eiusmodi
829 3528 939 3597 etiam
968 3527 1205 3595 matrimonio
1232 3526 1281 3595 611
1308 3525 1406 3595 6166·

171 3633 420 3704 (1661161161661
445 3634 606 3705 invalido
630 3636 772 3705 oriatur
801 3633 975 3722 publicae
1010 3635 1216 3705 honestatis
1250 3634 1404 3721 impedi·

169 3746 352 3827 mentum,
377 3742 462 3830 quia
489 3742 570 3811 licet
592 3742 681 3813 illud
709 3743 855 3813 nullum
878 3744 927 3813 sit
949 3762 996 3813 ex
1022 3742 1167 3812 defectu
1202 3740 1345 3811 formae
1382 3760 1404 3809 a

169 3847 385 3917 Tridentino
408 3850 669 3936 praescriptae,
695 3868 773 3919 non
798 3856 1003 3921 esttamen
1029 3849 1232 3919 invalidum
1257 3865 1307 3918 6)(
1345 3849 1407 3917 (16·

169 3951 266 4024 fectu
290 3973 502 4026 consensus
528 3955 550 4023 ⁵.
574 3992 596 4006 -
621 3958 754 4027 Plures
781 3963 907 4028 autem
936 3960 1116 4027 Doctores
1146 3957 1242 4027 citati
1264 3975 1285 4026 6
1314 3958 1406 4025 Leu-

240 4222 389 4283 1(166611.
413 4223 500 4284 Trid.
523 4242 599 4283 aeas.
624 4222 681 4283 24.
705 4225 745 4283 de
767 4226 935 4299 reformat.
961 4225 1107 4281 matrim.
1131 4240 1204 4299 cap.
1230 4225 1263 4283 3.

238 4317 249 4355 2
271 4320 333 4382 (111.
351 4321 454 4383 Ornet
474 4323 741 4382 Addomanum.
754 4323 864 4382 -Vide
880 4322 1018 4382 Sanchez
1035 4322 1089 4379 lid.
1106 4319 1137 4379 7.
1155 4321 1187 4379 (1.
1209 4320 1264 4379 70.
1283 4339 1317 4380 n.
1336 4320 1368 4379 5.

238 4417 250 4455 ³
272 4419 305 4478 S.
323 4419 480 4497 Ligurius,
498 4421 644 4495 Theotop.
663 4421 779 4478 moral.
799 4422 852 4477 lib.
872 4419 903 4477 6.
922 4420 962 4478 de
978 4421 1200 4486 matrimonio,
1213 4437 1247 4477 n.
1267 4417 1368 4478 1064.

238 4516 251 4553 ⁴
273 4518 411 4578 Sanohea
434 4519 488 4577 lib.
513 4519 545 4577 7.
569 4520 654 4594 disp.
680 4518 735 4577 70.
760 4538 795 4578 n.
823 4517 876 4578 13.
1285 4581 1295 4593 ,

239 4615 253 4652 5
272 4615 351 4675 Vide
373 4617 529 4678 Benedici.
553 4618 628 4677 XIV
650 4626 773 4694 quaeat.
799 4619 950 4677 canonio.
976 4616 1059 4679 291.
1083 4618 1103 4694 ἓ
1124 4621 1282 4677 altimum
1312 4627 1367 4678 eat.
