3509 5317
683 484 841 543 ..89-

585 539 597 575 t

146 614 365 702 lpundrium
392 628 536 703 vocant,
561 630 709 705 praeter
732 620 802 691 alia
826 639 926 708 quae
949 637 1079 688 secum
1106 617 1215 687 trahit
1239 618 1377 685 incom·

147 724 272 809 moda,
297 730 377 794 tum
400 723 587 814 primario
611 735 795 816 repugnat
818 728 978 817 coniugii
1004 725 1077 811 lini,
1102 727 1165 814 qui
1190 735 1248 795 est
1270 743 1380 813 gene

148 832 240 900 ratio
266 832 391 918 prolis,
418 839 544 920 utpote
567 854 665 921 quae
690 835 758 904 erit
784 835 934 918 incerta,
959 840 1067 903 el‘ex
1091 833 1255 920 plurium
1281 851 1380 901 corn·

147 939 327 1007 mixtione
353 938 517 1008 virorum
536 940 744 1027 impeditur,
764 941 812 1010 ita
826 948 864 1010 ut
888 942 945 1023 rel
960 959 1154 1029 nunquam
1180 940 1238 1010 vel
1256 936 1379 1009 rarius

147 1045 423 1132 subsequutum
445 1082 468 1094 -
483 1050 563 1114 turn
578 1046 801 1117 secundario
818 1049 892 1134 fini,
909 1050 1128 1137 tranquillae
1144 1050 1281 1119 scilicet
1296 1068 1381 1119 con·

147 1152 279 1240 iugum
303 1154 562 1224 cohabitationi
585 1163 620 1226 et
643 1158 742 1244 paci:
783 1158 842 1227 ubi
876 1158 974 1226 enim
1001 1158 1116 1227 multa
1140 1163 1227 1226 sunt
1266 1158 1377 1226 unius

148 1261 318 1346 corporis
341 1260 435 1330 idest
459 1264 570 1332 nnius
597 1261 756 1334 familiae
786 1265 917 1351 capita,
954 1265 1000 1333 ibi
1036 1265 1166 1351 plures
1198 1264 1379 1352 iugesque

147 1366 243 1434 inter
266 1384 320 1451 ea,
346 1368 416 1437 hoc
439 1373 497 1438 est
519 1372 612 1440 inter
637 1372 746 1455 viros,
772 1364 1028 1442 contentiones
1051 1377 1087 1440 et
1111 1373 1215 1440 rixae
1237 1370 1259 1438 ¹.

214 1473 246 1539 4.
273 1473 366 1542 linio
389 1480 515 1545 autern
539 1477 689 1563 veritati,
713 1479 815 1564 quod
839 1478 920 1547 inre
944 1480 1056 1548 etiam
1080 1484 1236 1548 naturae
1271 1477 1380 1547 vetita

148 1581 194 1644 sit
216 1578 440 1668 polygamia,
465 1583 643 1670 obiicitur,
664 1584 750 1653 olim
770 1588 889 1655 Deum
906 1586 1147 1673 dispensasse
1162 1585 1199 1652 in
1218 1585 1288 1654 hac
1305 1602 1382 1652 mo·

149 1688 347 1773 nogamiae
380 1690 459 1778 lege
488 1710 576 1760 cum
609 1695 748 1781 populo
781 1694 990 1765 Israelitico.
1031 1694 1229 1763 Evaoescit
1251 1700 1377 1762 tamen

149 1792 348 1865 difficultas
371 1799 402 1865 si
425 1816 512 1867 cum
536 1802 729 1868 communi
756 1803 827 1869 DD.
855 1792 1174 1872 animadvertatur
1206 1802 1276 1868 «in
1306 1801 1410 1869 duo'

144 1898 263 1969 veluti
287 1921 435 1989 genera,
460 1912 500 1973 ut
524 1907 648 1976 verbis
672 1912 755 1976 utar
780 1908 964 1978 Benedicti
988 1909 1087 1991 XIV,
1104 1914 1260 1978 naturae
1278 1924 1381 1992 prae·

150 2016 255 2096 cepta
285 2011 479 2099 distingui3
508 2024 703 2084 eteorum
735 2013 887 2101 quidem
920 2015 1043 2103 aliqua
1080 2032 1164 2083 esse
1199 2021 1379 2100 tanquam
1421 2082 1423 2085 .

148 2116 372 2206 primipara.
395 2119 554 2189 aliorum
577 2119 765 2210 principia
776 2143 791 2207 ,·
815 2120 885 2191 alin
911 2142 1000 2190 vero
1025 2122 1136 2191 veluti
1159 2137 1381 2207 consequen·

152 2222 217 2308 tiu,
245 2245 386 2312 quaen
414 2228 543 2314 primis
567 2228 635 2298 illis
665 2229 1001 2301 oriuntur.·Prima
1030 2229 1088 2297 illa
1125 2226 1381 2297 invariabilem

149 2336 356 2419 quamdam
376 2336 601 2405 rectitudinis
618 2337 788 2425 regulam
804 2337 839 2405 in
858 2354 900 2404 se
915 2337 1111 2421 continent
1130 2354 1227 2422 quae
1241 2334 1383 2403 nullius

151 2443 366 2512 mutationis
389 2447 453 2512 aut
475 2443 762 2531 dispensationis
785 2450 841 2512 est
856 2462 989 2531 capax,
1010 2454 1047 2512 ut
1068 2449 1125 2513 est
1141 2447 1383 2530 praeceptum

151 2549 305 2618 amandi
329 2552 459 2633 Deum,
483 2551 689 2621 abstinendi
715 2571 735 2621 a
762 2550 1138 2637 mendaci0,·aliaque
1162 2549 1309 2618 divinae
1340 2548 1384 2617 16

151 2661 209 2747 gis
231 2661 350 2746 capita
376 2678 473 2745 qliae
498 2661 531 2726 in
557 2658 737 2746 decalogo
761 2668 1013 2746 exponuntur.
1028 2695 1051 2707 -
1067 2657 1275 2725 Posteriora
1295 2673 1384 2724 vero

152 2765 323 2853 regulam
349 2767 484 2852 paritor
507 2767 695 2836 continent
714 2766 950 2849 rectitudinis,
967 2765 1014 2833 ita
1031 2769 1157 2833 tamen
1175 2772 1215 2831 ut
1229 2761 1388 2831 circum·

151 2871 297 2942 stantiis
322 2891 446 2941 rerum
472 2878 508 2941 el
530 2892 780 2960 personarum
806 2873 966 2958 mutatis,
992 2878 1028 2940 et
1051 2872 1129 2959 ipsa
1148 2873 1284 2940 mutari
1303 2888 1386 2956 pos·

151 2979 234 3063 sint,
260 2978 446 3048 mediante
469 2979 756 3066 dispensatione,
780 2999 878 3068 quae
903 2986 1027 3049 tamen
1051 2978 1169 3048 asola
1186 2983 1309 3064 potest
1324 2996 1387 3045 au·v

153 3087 318 3157 ctoritate
341 3087 468 3156 divina
489 3087 703 3174 procedere.
730 3140 737 3154 .
763 3139 770 3154 .
796 3139 803 3154 .
836 3088 963 3174 ltaque
986 3086 1034 3156 ad
1059 3087 1157 3154 hano
1175 3085 1384 3154 secundam

153 3192 381 3263 naturalium
405 3200 689 3280 praeceptorum
714 3195 874 3264 classem
906 3192 1097 3264 referenda
1129 3203 1185 3262 est
1214 3193 1276 3262 lex
1309 3187 1389 3260 mo-

154 3300 363 3387 nogamiae,
387 3301 484 3370 circa
508 3315 624 3389 quam
648 3294 848 3388 aliquando
874 3304 975 3371 Deus
991 3301 1039 3370 ad
1056 3308 1207 3387 tempus
1223 3298 1384 3383 indulsit,

155 3412 203 3493 ul,
228 3426 272 3477 ea
296 3426 371 3476 non
396 3408 576 3495 obstante,
603 3411 730 3496 plures
755 3462 762 3476 .
788 3463 795 3477 .
822 3462 829 3477 .
860 3410 947 3478 duci
977 3414 1134 3496 possent
1164 3426 1341 3477 uxores»
1361 3404 1384 3472 ‘·'.

155 3552 176 3563 -
198 3516 319 3584 Potuit
342 3521 467 3585 autem
492 3519 595 3586 Deus
618 3517 653 3584 in
678 3517 749 3585 hac
765 3515 923 3585 naturali
941 3516 1203 3602 monogamiae
1222 3514 1301 3601 lege
1317 3514 1387 3581 dis·

155 3644 314 3712 pensare
338 3626 387 3693 ob
409 3622 524 3693 finem
562 3625 892 3709 honestissimum,
918 3623 1094 3691 nimirum
1131 3621 1180 3690 ob
1215 3620 1385 3691 favorem

158 3733 281 3824 populi
304 3733 485 3804 israelitici
511 3732 787 3818 multiplicandi.
812 3732 910 3800 Dum
935 3730 1035 3799 enim
1059 3747 1177 3815 penes
1194 3730 1314 3797 Deum
1331 3732 1387 3797 est

156 3840 411 3911 humanorum
436 3858 638 3927 corporum
670 3837 889 3924 dominium,
922 3838 1040 3925 potnit
1076 3838 1222 3906 illorum
1260 3854 1386 3921 usurn,

156 3936 201 4017 ad
221 3948 500 4029 matrimonium
525 3945 627 4033 quod
644 3945 778 4030 attinet,
796 3946 868 4013 hoc
888 3944 944 4013 vel
961 3944 1021 4013 illo
1038 3945 1152 4013 modo
1168 3942 1388 4013 concedere.

156 4059 277 4143 Atque
301 4056 349 4124 ita
373 4053 717 4143 postquamsemel
741 4052 927 4121 concessit
949 4051 1098 4120 illorum
1113 4056 1335 4138 potestatem
1352 4049 1412 4134 in

158 4162 286 4230 ordine
310 4161 358 4230 ad
382 4161 661 4249 generationem
679 4158 801 4226 medio
819 4164 964 4227 tantum
981 4156 1153 4243 coniugio
1171 4154 1284 4224 unius
1301 4172 1389 4222 cum

222 4404 322 4464 ¹Glr.
348 4403 487 4462 Sauchez
508 4405 560 4461 cit.
589 4402 641 4460 lib.
669 4401 701 4460 7.
725 4401 809 4476 disp.
834 4401 892 4459 80.
916 4408 992 4460 an.
1016 4398 1049 4457 4.
1073 4397 1111 4457 ad
1136 4396 1167 4456 9.
1196 4422 1200 4431 ·
1229 4421 1231 4423 ·

222 4501 443 4579 immolatus
463 4501 537 4560 XIV
569 4500 609 4558 de
641 4500 771 4573 Spondo
802 4500 856 4558 lib.
886 4498 937 4557 13.
962 4515 1035 4573 cup.
1060 4495 1116 4556 21.
1145 4516 1179 4555 n.
1207 4494 1237 4555 9.
1262 4528 1300 4540 -
1323 4494 1388 4556 oa.

159 4599 345 4661 Laureolum
369 4598 423 4683 lib.
448 4598 480 4657 4.
505 4599 553 4657 a't.
577 4597 608 4657 4.
634 4605 752 4674 quaest
776 4596 852 4656 171.
877 4592 938 4656 aa.
966 4596 1039 4654 1-2.
