3509 5317
1416 482 1772 544 ..459-

370 623 594 695 aliam
639 641 1016 708 caussam,
1065 619 1419 707 specialia
1477 622 1850 709 quaedam
1916 627 2134 692 erunt
2178 621 2673 692 observanda.
2744 626 2824 690 Et

370 730 614 818 primo
669 728 1212 798 advertendum
1270 734 1422 813 est,
1475 727 2005 815 Evangelicam
2052 733 2125 797 et
2168 727 2649 815 apostolicam
2705 728 2828 798 dn-

368 838 682 907 ctrinam
732 854 939 921 esse,
989 836 1544 906 matrimonium
1598 835 1841 905 valide
1911 834 2370 906 celebratum
2434 835 2624 905 solvi
2674 854 2820 903 nnn

371 964 598 1039 posse
644 949 949 1032 propter
994 942 1467 1031 adulterium,
1511 942 1626 1011 vel
1678 948 1978 1032 propter
2026 942 2416 1014 molestam
2467 942 2824 1014 cohabita-

281 1060 288 1065 “
371 1053 668 1136 tionem,
702 1062 834 1122 aut
865 1051 1167 1141 longam
1201 1056 1273 1120 et
1303 1049 1727 1121 affectatam
1760 1051 2099 1139 coniugis
2136 1049 2357 1120 unius
2387 1050 2820 1125 absentiam,

368 1165 499 1232 aut
544 1167 845 1249 propter
876 1157 1076 1229 aliud
1113 1160 1649 1247 quodcumque
1683 1157 2045 1227 motivum
2094 1158 2193 1228 ab
2241 1158 2628 1228 haereticis
2660 1176 2824 1227 con-

368 1268 649 1338 fictum.
721 1269 968 1349 Quare
1034 1268 1094 1335 si
1145 1266 1579 1351 constiterit,
1628 1283 1674 1333 a
1721 1264 2215 1335 tribunalibus
2282 1265 2820 1335 haereticorum

366 1377 466 1446 ob
527 1377 854 1463 aliquam
904 1393 1003 1445 ex
1050 1374 1209 1443 istis
1265 1373 1672 1443 rationibus
1730 1374 2193 1461 praecedens
2263 1373 2820 1443 matrimonium

366 1483 813 1554 dissolutum
863 1480 1113 1566 fuisse,
1161 1500 1433 1551 caussa
1483 1481 1553 1548 in
1616 1479 1950 1550 favorem
2014 1480 2321 1550 secundi
2381 1480 2820 1551 matrimonii

366 1610 410 1661 a
457 1589 802 1660 tribunali
856 1588 1219 1660 catholico
1268 1608 1362 1658 ne
1423 1587 1877 1658 admittenda
1943 1586 2249 1676 quidem
2310 1605 2446 1657 seu
2507 1586 2824 1656 introdu-

363 1697 599 1772 cenda
652 1698 804 1768 erit.
877 1697 953 1767 Si
1007 1714 1189 1767 vero
1256 1694 1597 1764 eiusdem
1654 1695 2043 1764 dissolutio
2097 1693 2317 1763 fuerit
2384 1696 2680 1765 decreta
2728 1698 2824 1762 oli

368 1804 594 1875 alium
647 1804 937 1875 titulum
988 1824 1029 1874 a
1079 1804 1241 1876 iure
1287 1804 1646 1874 canonico
1704 1804 2202 1893 recognitum,
2251 1803 2644 1874 sciendum
2694 1810 2820 1878 est.÷

365 1919 531 1983 acta
575 1934 619 1983 a
666 1912 1011 1983 tribunali
1061 1910 1431 1982 haeretico
1479 1908 1810 1980 confecta
1862 1909 2117 1981 valore
2172 1911 2479 1980 iuridico
2543 1927 2820 1986 carere,

365 2024 435 2089 et
481 2039 574 2089 ex
627 2018 805 2106 ipsis
853 2017 1334 2088 solummodo
1401 2017 1753 2086 iudicium
1817 2016 2151 2104 proferre
2197 2017 2558 2088 catholico
2608 2015 2816 2085 iudiri

363 2129 668 2197 minime
732 2125 969 2196 licere.
1041 2128 1288 2208 Quare
1357 2137 1535 2195 tunc
1578 2143 1854 2195 caussa
1921 2145 2020 2194 ex
2081 2127 2364 2215 integro
2434 2126 2570 2195 erit
2636 2128 2824 2194 insti-

362 2234 658 2322 tuenda,
708 2238 780 2304 et
827 2234 1036 2303 iuxta
1081 2252 1181 2303 ss.
1232 2250 1564 2303 canones
1603 2235 2147 2319 pertractanda.
2197 2234 2524 2303 Vetitum
2573 2240 2816 2303 tamen

364 2360 514 2414 non
550 2349 681 2429 est,
715 2343 866 2413 imo
899 2342 1300 2430 aliquando
1336 2342 1698 2430 expediet,
1738 2349 1819 2413 ut
1849 2349 2009 2413 acta
2047 2343 2434 2413 tribunalis
2482 2344 2820 2412 haeretiei

365 2450 480 2520 vel
529 2450 980 2521 schismatici
1040 2452 1546 2538 requirantur,
1603 2469 1754 2538 quo
1812 2452 2098 2539 plenior
2144 2450 2509 2520 factorum
2574 2455 2645 2521 et
2698 2454 2820 2520 cir-

362 2559 984 2629 cumstantiarum
1032 2558 1349 2645 cognitio
1397 2559 1811 2647 attingatur.
1886 2559 2044 2626 Imo
2107 2559 2168 2627 si
2226 2557 2657 2627 huiusmodi
2702 2557 2824 2625 dn-

363 2673 710 2737 cumenta
760 2684 809 2734 a
847 2665 1184 2755 partibus
1229 2664 1497 2741 fuerint
1543 2665 1890 2752 exhibita,
1939 2665 2355 2735 dummodo
2402 2666 2578 2733 nihil
2623 2664 2816 2736 aliud

364 2769 622 2858 obstet,
659 2779 1006 2862 poterunt
1037 2772 1392 2859 adhiberi,
1426 2780 1650 2862 atque
1697 2793 1798 2844 ex
1846 2772 1985 2842 illis
2034 2772 2296 2844 indicia
2345 2772 2608 2864 colligi.
2658 2773 2824 2843 Par-

362 2887 474 2951 tes
531 2888 778 2952 tamen
843 2889 1063 2952 erunt
1118 2901 1421 2969 semper
1485 2881 1937 2968 audiendae,
2001 2900 2139 2952 nec
2200 2901 2393 2969 non,
2451 2887 2824 2969 quatenns

360 2989 517 3060 fleri
566 2991 864 3078 poterit,
915 2990 1137 3060 etiam
1199 2994 1426 3059 testes
1489 2975 1761 3078 singuli
1805 2990 2071 3059 iterum
2146 2990 2218 3058 in
2292 2989 2642 3059 iudicium
2695 3008 2816 3056 w]-

360 3099 614 3184 candi,
659 3104 731 3168 et
776 3097 1274 3186 interrogandi
1322 3098 1420 3167 ad
1467 3116 1817 3169 normam
1868 3099 2134 3168 harum
2188 3098 2643 3187 regularum.
2693 3100 2822 3167 Ne-

363 3226 511 3295 que
557 3207 960 3277 omittenda
1014 3204 1329 3275 aliarum
1396 3224 1895 3293 personarum
1956 3206 2258 3276 iuridica
2331 3206 2690 3293 depositio
2760 3210 2818 3274 si

361 3314 629 3385 adesse
678 3319 1262 3403 cognoscantur-;
1311 3314 1502 3382 sicut
1546 3331 1792 3400 neque
1837 3313 1979 3384 alia
2026 3326 2212 3399 acta,
2261 3333 2457 3402 quae
2510 3315 2623 3383 vel
2673 3333 2820 3382 mn-

361 3412 687 3492 derator'
718 3422 835 3494 vel
901 3420 1251 3492 defensor
1302 3420 1748 3489 matrimonii
1797 3422 2222 3491 necessaria
2295 3422 2816 3509 reputaverint„

360 3529 436 3599 Si
485 3529 875 3618 perpensis
916 3528 1267 3598 omnibus
1316 3528 1545 3598 iudex
1599 3523 2001 3613 censuerit,
2051 3530 2492 3598 sententiam
2542 3530 2820 3600 edicen-

360 3637 536 3706 dam
587 3655 758 3707 esse
803 3636 1267 3707 conformem
1315 3636 1721 3706 sententiae
1768 3655 1812 3705 a
1861 3635 2202 3705 tribunali
2255 3637 2622 3706 haeretico
2662 3656 2820 3724 pri}

361 3742 572 3830 latae,
609 3761 1029 3832 numquam
1075 3750 1326 3813 tamen
1367 3744 1585 3812 istam
1632 3743 2077 3812 sententiam
2124 3748 2510 3829 tamquam
2561 3744 2678 3811 sui
2724 3742 2820 3810 iu-

359 3851 520 3920 dicii
560 3854 932 3922 motivum
966 3853 1315 3922 invocare
1353 3850 1680 3938 debebit3
1730 3868 1976 3938 neque
2013 3848 2158 3918 ullo
2195 3850 2421 3918 modo
2453 3856 2619 3936 post
2652 3868 2816 3919 ean}

360 3961 939 4055 existimandum
989 3962 1163 4047 erit,
1213 3961 1411 4029 duas
1470 3959 1739 4030 adesse
1808 3960 2211 4029 sententias
2266 3955 2725 4044 conformeS,
2776 3982 2812 4026 a

358 4070 634 4157 quibus
688 4087 996 4139 necesse
1043 4087 1194 4137 non
1243 4068 1338 4137 sit
1381 4066 1786 4155 appellare.
2000 4130 2007 4140 .

496 4178 533 4261 9
579 4178 691 4246 45.
741 4174 1003 4257 Quoad
1038 4174 1509 4244 matrimonia
1542 4174 1615 4242 in
1648 4172 2071 4243 infidelitate
2105 4177 2500 4259 contracta,
2534 4172 2595 4240 si
2637 4170 2816 4242 haer

357 4282 712 4352 dissoluta
750 4282 1092 4352 dicantur
1125 4300 1257 4368 per
1290 4282 1732 4352 sententiam
1785 4280 2058 4350 editam
2096 4280 2210 4350 vel
2260 4279 2357 4350 ab
2390 4278 2816 4348 auctoritati:

358 4391 566 4476 civili,
618 4391 734 4461 vel
783 4410 829 4461 a
876 4390 1146 4478 quovis
1207 4388 1550 4459 tribunali
1622 4389 2029 4475 haereticO,
2082 4389 2349 4459 eadem
2409 4393 2631 4456 erunt
2676 4404 2820 4458 ser÷

359 4500 603 4569 vanda
653 4517 851 4586 quae
896 4498 1084 4567 dicta
1133 4503 1314 4566 sunt
1356 4496 1448 4567 de
1498 4497 1990 4568 matrimoniis
2038 4497 2575 4584 baptizatorum
2629 4513 2820 4564 raen-

359 4605 532 4675 lutis
579 4623 711 4694 per
757 4606 1194 4675 sententiam
1247 4605 1632 4675 tribunalis
1678 4604 2105 4693 saecularis,
2153 4622 2430 4692 nempe
2462 4621 2812 4674 caussam
