<?xml version="1.0" encoding="UTF-8"?>
<!DOCTYPE html PUBLIC "-//W3C//DTD XHTML 1.0 Transitional//EN"
    "http://www.w3.org/TR/xhtml1/DTD/xhtml1-transitional.dtd">
<html xmlns="http://www.w3.org/1999/xhtml" xml:lang="en" lang="en">
 <head>
  <title>
</title>
<meta http-equiv="Content-Type" content="text/html;charset=utf-8" />
  <meta name='ocr-system' content='tesseract 3.04.00' />
  <meta name='ocr-capabilities' content='ocr_page ocr_carea ocr_par ocr_line ocrx_word'/>
</head>
<body>
  <div class='ocr_page' id='page_1' title='image "./decausismatrimo00mansgoog_0194.png"; bbox 0 0 3509 5317; ppageno 0'>
   <div class='ocr_carea' id='block_1_1' title="bbox 1793 525 2149 587">
    <p class='ocr_par' dir='ltr' id='par_1_1' title="bbox 1793 525 2149 587">
     <span class='ocr_line' id='line_1_1' title="bbox 1793 525 2149 587; baseline 0.006 -2"><span class='ocrx_word' id='word_1_1' title='bbox 1793 525 2149 587; x_wconf 82' lang='lat'>-182—</span> 
     </span>
    </p>
   </div>
   <div class='ocr_carea' id='block_1_2' title="bbox 703 661 3475 3228">
    <p class='ocr_par' dir='ltr' id='par_1_2' title="bbox 741 661 3201 859">
     <span class='ocr_line' id='line_1_2' title="bbox 741 661 3201 752; baseline -0 -19"><span class='ocrx_word' id='word_1_2' title='bbox 741 664 1003 734; x_wconf 88' lang='lat' dir='ltr'>indicia</span> <span class='ocrx_word' id='word_1_3' title='bbox 1056 664 1398 752; x_wconf 89' lang='lat' dir='ltr'>deponat,</span> <span class='ocrx_word' id='word_1_4' title='bbox 1449 682 1539 733; x_wconf 92' lang='lat' dir='ltr'>ac</span> <span class='ocrx_word' id='word_1_5' title='bbox 1586 667 1812 732; x_wconf 86' lang='lat' dir='ltr'>testes</span> <span class='ocrx_word' id='word_1_6' title='bbox 1858 665 1954 733; x_wconf 93' lang='lat' dir='ltr'>de</span> <span class='ocrx_word' id='word_1_7' title='bbox 2003 682 2083 733; x_wconf 87' lang='lat' dir='ltr'>re</span> <span class='ocrx_word' id='word_1_8' title='bbox 2118 664 2517 732; x_wconf 89' lang='lat' dir='ltr'>instructos</span> <span class='ocrx_word' id='word_1_9' title='bbox 2549 663 2900 748; x_wconf 90' lang='lat' dir='ltr'>nominet,</span> <span class='ocrx_word' id='word_1_10' title='bbox 2937 667 3008 732; x_wconf 90' lang='lat' dir='ltr'>et</span> <span class='ocrx_word' id='word_1_11' title='bbox 3037 661 3201 748; x_wconf 88' lang='lat' dir='ltr'>alia,</span> 
     </span>
     <span class='ocr_line' id='line_1_3' title="bbox 744 771 2531 859; baseline -0.001 -18"><span class='ocrx_word' id='word_1_12' title='bbox 744 773 808 840; x_wconf 86' lang='lat' dir='ltr'>si</span> <span class='ocrx_word' id='word_1_13' title='bbox 853 790 1049 859; x_wconf 91' lang='lat' dir='ltr'>quae</span> <span class='ocrx_word' id='word_1_14' title='bbox 1095 773 1297 857; x_wconf 87' lang='lat' dir='ltr'>sciat,</span> <span class='ocrx_word' id='word_1_15' title='bbox 1345 771 1873 859; x_wconf 90' lang='lat' dir='ltr'>probationum</span> <span class='ocrx_word' id='word_1_16' title='bbox 1920 787 2199 858; x_wconf 89' lang='lat' dir='ltr'>genera</span> <span class='ocrx_word' id='word_1_17' title='bbox 2253 772 2531 841; x_wconf 83' lang='lat' dir='ltr'><strong>innuat.</strong></span> 
     </span>
    </p>

    <p class='ocr_par' dir='ltr' id='par_1_3' title="bbox 703 869 3475 3228">
     <span class='ocr_line' id='line_1_4' title="bbox 876 869 3210 968; baseline -0 -19"><span class='ocrx_word' id='word_1_18' title='bbox 876 883 941 949; x_wconf 83' lang='lat'>4.</span> <span class='ocrx_word' id='word_1_19' title='bbox 988 869 1483 950; x_wconf 85' lang='lat' dir='ltr'>Accusatione</span> <span class='ocrx_word' id='word_1_20' title='bbox 1529 879 1637 948; x_wconf 92' lang='lat' dir='ltr'>sic</span> <span class='ocrx_word' id='word_1_21' title='bbox 1681 883 2009 968; x_wconf 90' lang='lat' dir='ltr'>accepta,</span> <span class='ocrx_word' id='word_1_22' title='bbox 2059 879 2197 948; x_wconf 91' lang='lat' dir='ltr'>nisi</span> <span class='ocrx_word' id='word_1_23' title='bbox 2248 878 2687 949; x_wconf 82' lang='lat' dir='ltr'>ordinarius</span> <span class='ocrx_word' id='word_1_24' title='bbox 2736 881 2895 965; x_wconf 87' lang='lat' dir='ltr'>ipse</span> <span class='ocrx_word' id='word_1_25' title='bbox 2941 897 3076 967; x_wconf 82' lang='lat' dir='ltr'>per</span> <span class='ocrx_word' id='word_1_26' title='bbox 3121 898 3210 948; x_wconf 91' lang='lat' dir='ltr'>se</span> 
     </span>
     <span class='ocr_line' id='line_1_5' title="bbox 743 981 3475 1073; baseline 0 -19"><span class='ocrx_word' id='word_1_27' title='bbox 743 986 1105 1057; x_wconf 86' lang='lat' dir='ltr'>iudicialia</span> <span class='ocrx_word' id='word_1_28' title='bbox 1154 986 1327 1055; x_wconf 90' lang='lat' dir='ltr'>velit</span> <span class='ocrx_word' id='word_1_29' title='bbox 1371 991 1532 1057; x_wconf 88' lang='lat' dir='ltr'>acta</span> <span class='ocrx_word' id='word_1_30' title='bbox 1581 985 1974 1073; x_wconf 86' lang='lat' dir='ltr'>conficere,</span> <span class='ocrx_word' id='word_1_31' title='bbox 2025 987 2291 1073; x_wconf 85' lang='lat' dir='ltr'>poterit</span> <span class='ocrx_word' id='word_1_32' title='bbox 2354 987 2471 1055; x_wconf 90' lang='lat' dir='ltr'>vel</span> <span class='ocrx_word' id='word_1_33' title='bbox 2542 1005 2773 1055; x_wconf 87' lang='lat' dir='ltr'>suum</span> <span class='ocrx_word' id='word_1_34' title='bbox 2822 987 3209 1055; x_wconf 89' lang='lat' dir='ltr'>Vicarium</span> <span class='ocrx_word' id='word_1_35' title='bbox 3464 981 3475 1044; x_wconf 74' lang='lat' dir='ltr'>l</span> 
     </span>
     <span class='ocr_line' id='line_1_6' title="bbox 743 1093 3214 1183; baseline -0.001 -19"><span class='ocrx_word' id='word_1_36' title='bbox 743 1094 1194 1183; x_wconf 86' lang='lat' dir='ltr'>generalem,</span> <span class='ocrx_word' id='word_1_37' title='bbox 1245 1093 1360 1162; x_wconf 89' lang='lat' dir='ltr'>vel</span> <span class='ocrx_word' id='word_1_38' title='bbox 1409 1094 1637 1164; x_wconf 90' lang='lat' dir='ltr'>alium</span> <span class='ocrx_word' id='word_1_39' title='bbox 1703 1096 2026 1182; x_wconf 89' lang='lat' dir='ltr'>probum</span> <span class='ocrx_word' id='word_1_40' title='bbox 2087 1100 2641 1183; x_wconf 87' lang='lat' dir='ltr'>expertumque</span> <span class='ocrx_word' id='word_1_41' title='bbox 2708 1094 2803 1163; x_wconf 91' lang='lat' dir='ltr'>de</span> <span class='ocrx_word' id='word_1_42' title='bbox 2862 1094 3065 1165; x_wconf 88' lang='lat' dir='ltr'>clero</span> <span class='ocrx_word' id='word_1_43' title='bbox 3112 1095 3214 1162; x_wconf 86' lang='lat' dir='ltr'>vi·</span> 
     </span>
     <span class='ocr_line' id='line_1_7' title="bbox 743 1198 3213 1290; baseline -0.001 -18"><span class='ocrx_word' id='word_1_44' title='bbox 743 1220 935 1288; x_wconf 86' lang='lat' dir='ltr'>rum,</span> <span class='ocrx_word' id='word_1_45' title='bbox 987 1203 1260 1290; x_wconf 88' lang='lat' dir='ltr'>scripto</span> <span class='ocrx_word' id='word_1_46' title='bbox 1309 1209 1579 1289; x_wconf 89' lang='lat' dir='ltr'>tamen,</span> <span class='ocrx_word' id='word_1_47' title='bbox 1629 1202 1998 1290; x_wconf 89' lang='lat' dir='ltr'>delegare,</span> <span class='ocrx_word' id='word_1_48' title='bbox 2033 1203 2161 1290; x_wconf 90' lang='lat' dir='ltr'>qui</span> <span class='ocrx_word' id='word_1_49' title='bbox 2197 1198 2463 1272; x_wconf 71' lang='lat' dir='ltr'>iudicis</span> <span class='ocrx_word' id='word_1_50' title='bbox 2514 1220 2663 1272; x_wconf 89' lang='lat' dir='ltr'>seu·</span> <span class='ocrx_word' id='word_1_51' title='bbox 2700 1200 3213 1271; x_wconf 71' lang='lat' dir='ltr'>moderatoris</span> 
     </span>
     <span class='ocr_line' id='line_1_8' title="bbox 742 1309 3215 1398; baseline -0 -21"><span class='ocrx_word' id='word_1_52' title='bbox 742 1315 1090 1379; x_wconf 75' lang='lat' dir='ltr'>actorum</span> <span class='ocrx_word' id='word_1_53' title='bbox 1121 1310 1451 1380; x_wconf 81' lang='lat' dir='ltr'>‘munere</span> <span class='ocrx_word' id='word_1_54' title='bbox 1500 1311 1587 1378; x_wconf 88' lang='lat' dir='ltr'>in·</span> <span class='ocrx_word' id='word_1_55' title='bbox 1619 1310 1936 1379; x_wconf 87' lang='lat' dir='ltr'>iudiciali</span> <span class='ocrx_word' id='word_1_56' title='bbox 1986 1309 2455 1393; x_wconf 84' lang='lat' dir='ltr'>conficiendo</span> <span class='ocrx_word' id='word_1_57' title='bbox 2509 1329 2874 1398; x_wconf 91' lang='lat' dir='ltr'>processu</span> <span class='ocrx_word' id='word_1_58' title='bbox 2911 1309 3215 1398; x_wconf 88' lang='lat' dir='ltr'>vigilan·</span> 
     </span>
     <span class='ocr_line' id='line_1_9' title="bbox 741 1415 3211 1506; baseline 0 -21"><span class='ocrx_word' id='word_1_59' title='bbox 741 1420 853 1485; x_wconf 85' lang='lat' dir='ltr'>ter</span> <span class='ocrx_word' id='word_1_60' title='bbox 896 1415 1360 1505; x_wconf 83' lang='lat' dir='ltr'>fideliterque</span> <span class='ocrx_word' id='word_1_61' title='bbox 1421 1416 1797 1503; x_wconf 83' lang='lat' dir='ltr'>fungatur.</span> <span class='ocrx_word' id='word_1_62' title='bbox 1844 1456 1891 1464; x_wconf 99' lang='lat'>—</span> <span class='ocrx_word' id='word_1_63' title='bbox 1937 1416 2274 1487; x_wconf 89' lang='lat' dir='ltr'>Alterum</span> <span class='ocrx_word' id='word_1_64' title='bbox 2347 1436 2653 1506; x_wconf 90' lang='lat' dir='ltr'>quoque</span> <span class='ocrx_word' id='word_1_65' title='bbox 2724 1418 2971 1488; x_wconf 80' lang='lat' dir='ltr'>virum</span> <span class='ocrx_word' id='word_1_66' title='bbox 3036 1417 3211 1487; x_wconf 81' lang='lat' dir='ltr'>item</span> 
     </span>
     <span class='ocr_line' id='line_1_10' title="bbox 742 1523 3216 1615; baseline 0.001 -24"><span class='ocrx_word' id='word_1_67' title='bbox 742 1524 1015 1611; x_wconf 90' lang='lat' dir='ltr'>scripto</span> <span class='ocrx_word' id='word_1_68' title='bbox 1064 1524 1450 1614; x_wconf 79' lang='lat' dir='ltr'>delegabit,</span> <span class='ocrx_word' id='word_1_69' title='bbox 1499 1527 1625 1615; x_wconf 90' lang='lat' dir='ltr'>qui</span> <span class='ocrx_word' id='word_1_70' title='bbox 1684 1523 2130 1595; x_wconf 71' lang='lat' dir='ltr'>Cancellarii</span> <span class='ocrx_word' id='word_1_71' title='bbox 2177 1544 2495 1595; x_wconf 90' lang='lat' dir='ltr'>munera</span> <span class='ocrx_word' id='word_1_72' title='bbox 2547 1526 2868 1614; x_wconf 90' lang='lat' dir='ltr'>expleat,</span> <span class='ocrx_word' id='word_1_73' title='bbox 2903 1526 3035 1612; x_wconf 91' lang='lat' dir='ltr'>qui</span> <span class='ocrx_word' id='word_1_74' title='bbox 3084 1527 3216 1597; x_wconf 90' lang='lat' dir='ltr'>sci·</span> 
     </span>
     <span class='ocr_line' id='line_1_11' title="bbox 744 1630 3212 1723; baseline 0.002 -26"><span class='ocrx_word' id='word_1_75' title='bbox 744 1630 910 1700; x_wconf 90' lang='lat' dir='ltr'>licet</span> <span class='ocrx_word' id='word_1_76' title='bbox 966 1633 1583 1720; x_wconf 86' lang='lat' dir='ltr'>interrogationes</span> <span class='ocrx_word' id='word_1_77' title='bbox 1653 1634 2179 1704; x_wconf 80' lang='lat' dir='ltr'>examinandis</span> <span class='ocrx_word' id='word_1_78' title='bbox 2246 1633 2591 1723; x_wconf 87' lang='lat' dir='ltr'>personis</span> <span class='ocrx_word' id='word_1_79' title='bbox 2652 1633 3212 1721; x_wconf 81' lang='lat' dir='ltr'>proponendaS‚</span> 
     </span>
     <span class='ocr_line' id='line_1_12' title="bbox 742 1740 3215 1828; baseline 0.001 -22"><span class='ocrx_word' id='word_1_80' title='bbox 742 1756 1159 1826; x_wconf 81' lang='lat' dir='ltr'>earumque</span> <span class='ocrx_word' id='word_1_81' title='bbox 1207 1757 1722 1826; x_wconf 89' lang='lat' dir='ltr'>personarum·</span> <span class='ocrx_word' id='word_1_82' title='bbox 1758 1743 2294 1828; x_wconf 70' lang='lat' dir='ltr'>responsiones</span> <span class='ocrx_word' id='word_1_83' title='bbox 2331 1742 2426 1810; x_wconf 84' lang='lat' dir='ltr'>ad</span> <span class='ocrx_word' id='word_1_84' title='bbox 2460 1746 2621 1811; x_wconf 82' lang='lat' dir='ltr'>acta</span> <span class='ocrx_word' id='word_1_85' title='bbox 2673 1740 2963 1810; x_wconf 87' lang='lat' dir='ltr'>referat.</span> <span class='ocrx_word' id='word_1_86' title='bbox 3011 1742 3215 1810; x_wconf 90' lang='lat' dir='ltr'>Eius-</span> 
     </span>
     <span class='ocr_line' id='line_1_13' title="bbox 742 1845 3220 1934; baseline 0.001 -21"><span class='ocrx_word' id='word_1_87' title='bbox 742 1845 914 1915; x_wconf 85' lang='lat' dir='ltr'>dem</span> <span class='ocrx_word' id='word_1_88' title='bbox 965 1848 1100 1915; x_wconf 86' lang='lat' dir='ltr'>erit</span> <span class='ocrx_word' id='word_1_89' title='bbox 1144 1847 1471 1917; x_wconf 85' lang='lat' dir='ltr'>officium</span> <span class='ocrx_word' id='word_1_90' title='bbox 1523 1853 1784 1918; x_wconf 90' lang='lat' dir='ltr'>notare</span> <span class='ocrx_word' id='word_1_91' title='bbox 1833 1848 2052 1934; x_wconf 92' lang='lat' dir='ltr'>diem,</span> <span class='ocrx_word' id='word_1_92' title='bbox 2106 1867 2450 1918; x_wconf 92' lang='lat' dir='ltr'>mensem</span> <span class='ocrx_word' id='word_1_93' title='bbox 2499 1853 2574 1916; x_wconf 89' lang='lat' dir='ltr'>et</span> <span class='ocrx_word' id='word_1_94' title='bbox 2619 1866 2908 1917; x_wconf 90' lang='lat' dir='ltr'>annum</span> <span class='ocrx_word' id='word_1_95' title='bbox 2968 1847 3220 1917; x_wconf 89' lang='lat' dir='ltr'>cuius—</span> 
     </span>
     <span class='ocr_line' id='line_1_14' title="bbox 742 1953 3216 2043; baseline 0.002 -23"><span class='ocrx_word' id='word_1_96' title='bbox 742 1953 914 2022; x_wconf 84' lang='lat' dir='ltr'>libet</span> <span class='ocrx_word' id='word_1_97' title='bbox 963 1955 1376 2042; x_wconf 84' lang='lat' dir='ltr'>examinis3</span> <span class='ocrx_word' id='word_1_98' title='bbox 1426 1955 1675 2025; x_wconf 87' lang='lat' dir='ltr'>itidem</span> <span class='ocrx_word' id='word_1_99' title='bbox 1726 1956 2280 2025; x_wconf 77' lang='lat' dir='ltr'>examinandae</span> <span class='ocrx_word' id='word_1_100' title='bbox 2332 1974 2704 2042; x_wconf 79' lang='lat' dir='ltr'>personae</span> <span class='ocrx_word' id='word_1_101' title='bbox 2739 1957 3059 2043; x_wconf 91' lang='lat' dir='ltr'>eiusque</span> <span class='ocrx_word' id='word_1_102' title='bbox 3092 1975 3216 2043; x_wconf 90' lang='lat' dir='ltr'>pa·</span> 
     </span>
     <span class='ocr_line' id='line_1_15' title="bbox 740 2062 3217 2151; baseline 0.001 -22"><span class='ocrx_word' id='word_1_103' title='bbox 740 2062 870 2130; x_wconf 87' lang='lat' dir='ltr'>tris</span> <span class='ocrx_word' id='word_1_104' title='bbox 917 2080 1237 2145; x_wconf 87' lang='lat' dir='ltr'>nomen,</span> <span class='ocrx_word' id='word_1_105' title='bbox 1285 2080 1750 2151; x_wconf 82' lang='lat' dir='ltr'>cognomen,</span> <span class='ocrx_word' id='word_1_106' title='bbox 1802 2069 2167 2150; x_wconf 83' lang='lat' dir='ltr'>aetatem,</span> <span class='ocrx_word' id='word_1_107' title='bbox 2220 2062 2760 2150; x_wconf 89' lang='lat' dir='ltr'>conditionem,</span> <span class='ocrx_word' id='word_1_108' title='bbox 2809 2069 3089 2131; x_wconf 84' lang='lat' dir='ltr'>statum</span> <span class='ocrx_word' id='word_1_109' title='bbox 3146 2070 3217 2131; x_wconf 91' lang='lat' dir='ltr'>et</span> 
     </span>
     <span class='ocr_line' id='line_1_16' title="bbox 711 2170 3216 2258; baseline -0 -21"><span class='ocrx_word' id='word_1_110' title='bbox 711 2171 1099 2256; x_wconf 83' lang='lat' dir='ltr'>patriam3</span> <span class='ocrx_word' id='word_1_111' title='bbox 1149 2173 1397 2240; x_wconf 85' lang='lat' dir='ltr'>testari</span> <span class='ocrx_word' id='word_1_112' title='bbox 1468 2172 1781 2240; x_wconf 89' lang='lat' dir='ltr'>demum</span> <span class='ocrx_word' id='word_1_113' title='bbox 1852 2173 2055 2258; x_wconf 89' lang='lat' dir='ltr'>quod</span> <span class='ocrx_word' id='word_1_114' title='bbox 2132 2170 2401 2240; x_wconf 88' lang='lat' dir='ltr'>eadem</span> <span class='ocrx_word' id='word_1_115' title='bbox 2475 2187 2804 2258; x_wconf 87' lang='lat' dir='ltr'>persona</span> <span class='ocrx_word' id='word_1_116' title='bbox 2878 2170 3216 2239; x_wconf 86' lang='lat' dir='ltr'>examini</span> 
     </span>
     <span class='ocr_line' id='line_1_17' title="bbox 738 2276 3214 2366; baseline 0 -23"><span class='ocrx_word' id='word_1_117' title='bbox 738 2276 1191 2347; x_wconf 86' lang='lat' dir='ltr'>subiicienda</span> <span class='ocrx_word' id='word_1_118' title='bbox 1248 2280 1748 2347; x_wconf 90' lang='lat' dir='ltr'>iuramentum</span> <span class='ocrx_word' id='word_1_119' title='bbox 1796 2280 1891 2348; x_wconf 93' lang='lat' dir='ltr'>de</span> <span class='ocrx_word' id='word_1_120' title='bbox 1942 2280 2244 2348; x_wconf 88' lang='lat' dir='ltr'>veritate</span> <span class='ocrx_word' id='word_1_121' title='bbox 2300 2278 2615 2348; x_wconf 79' lang='lat' dir='ltr'>dicenda</span> <span class='ocrx_word' id='word_1_122' title='bbox 2663 2277 3132 2366; x_wconf 84' lang='lat' dir='ltr'>praestiterit.</span> <span class='ocrx_word' id='word_1_123' title='bbox 3167 2314 3214 2325; x_wconf 92' lang='lat'>-</span> 
     </span>
     <span class='ocr_line' id='line_1_18' title="bbox 740 2383 3212 2474; baseline 0.002 -26"><span class='ocrx_word' id='word_1_124' title='bbox 740 2383 990 2450; x_wconf 89' lang='lat' dir='ltr'>Alium</span> <span class='ocrx_word' id='word_1_125' title='bbox 1039 2384 1362 2471; x_wconf 90' lang='lat' dir='ltr'>denique</span> <span class='ocrx_word' id='word_1_126' title='bbox 1409 2384 1767 2454; x_wconf 90' lang='lat' dir='ltr'>idoneum</span> <span class='ocrx_word' id='word_1_127' title='bbox 1814 2387 2089 2471; x_wconf 90' lang='lat' dir='ltr'>scripto</span> <span class='ocrx_word' id='word_1_128' title='bbox 2141 2386 2421 2473; x_wconf 90' lang='lat' dir='ltr'>pariter</span> <span class='ocrx_word' id='word_1_129' title='bbox 2468 2385 2890 2474; x_wconf 82' lang='lat' dir='ltr'>designabit</span> <span class='ocrx_word' id='word_1_130' title='bbox 2959 2387 3212 2454; x_wconf 91' lang='lat' dir='ltr'>virum</span> 
     </span>
     <span class='ocr_line' id='line_1_19' title="bbox 740 2492 3215 2583; baseline 0.002 -25"><span class='ocrx_word' id='word_1_131' title='bbox 740 2509 839 2559; x_wconf 88' lang='lat' dir='ltr'>ex</span> <span class='ocrx_word' id='word_1_132' title='bbox 907 2493 1407 2563; x_wconf 88' lang='lat' dir='ltr'>ecclesiastico</span> <span class='ocrx_word' id='word_1_133' title='bbox 1475 2498 1733 2580; x_wconf 90' lang='lat' dir='ltr'>coetu,</span> <span class='ocrx_word' id='word_1_134' title='bbox 1785 2493 1853 2562; x_wconf 77' lang='lat' dir='ltr'>si</span> <span class='ocrx_word' id='word_1_135' title='bbox 1896 2492 2090 2581; x_wconf 74' lang='lat' dir='ltr'>fleri</span> <span class='ocrx_word' id='word_1_136' title='bbox 2129 2493 2457 2583; x_wconf 72' lang='lat' dir='ltr'>poterit,</span> <span class='ocrx_word' id='word_1_137' title='bbox 2512 2494 2973 2582; x_wconf 90' lang='lat' dir='ltr'>eligendum,</span> <span class='ocrx_word' id='word_1_138' title='bbox 3025 2494 3215 2562; x_wconf 90' lang='lat' dir='ltr'>iuris</span> 
     </span>
     <span class='ocr_line' id='line_1_20' title="bbox 737 2597 3213 2688; baseline 0 -22"><span class='ocrx_word' id='word_1_139' title='bbox 737 2599 1040 2669; x_wconf 90' lang='lat' dir='ltr'>scientia</span> <span class='ocrx_word' id='word_1_140' title='bbox 1089 2601 1276 2669; x_wconf 89' lang='lat' dir='ltr'>iusta</span> <span class='ocrx_word' id='word_1_141' title='bbox 1326 2608 1399 2670; x_wconf 93' lang='lat' dir='ltr'>et</span> <span class='ocrx_word' id='word_1_142' title='bbox 1445 2602 1636 2671; x_wconf 87' lang='lat' dir='ltr'>vitae</span> <span class='ocrx_word' id='word_1_143' title='bbox 1684 2602 2046 2688; x_wconf 80' lang='lat' dir='ltr'>probitate</span> <span class='ocrx_word' id='word_1_144' title='bbox 2090 2602 2510 2688; x_wconf 90' lang='lat' dir='ltr'>praeditum</span> <span class='ocrx_word' id='word_1_145' title='bbox 2546 2599 2589 2683; x_wconf 80' lang='lat'>²,</span> <span class='ocrx_word' id='word_1_146' title='bbox 2641 2601 2765 2688; x_wconf 90' lang='lat' dir='ltr'>qui</span> <span class='ocrx_word' id='word_1_147' title='bbox 2814 2597 3213 2668; x_wconf 71' lang='lat' dir='ltr'>matrimo-</span> 
     </span>
     <span class='ocr_line' id='line_1_21' title="bbox 739 2705 3208 2797; baseline 0 -22"><span class='ocrx_word' id='word_1_148' title='bbox 739 2705 841 2776; x_wconf 80' lang='lat' dir='ltr'>nii</span> <span class='ocrx_word' id='word_1_149' title='bbox 885 2707 1259 2797; x_wconf 66' lang='lat' dir='ltr'>Defensor</span> <span class='ocrx_word' id='word_1_150' title='bbox 1306 2711 1902 2797; x_wconf 78' lang='lat' dir='ltr'>nuncupabitur,</span> <span class='ocrx_word' id='word_1_151' title='bbox 1951 2709 2178 2779; x_wconf 84' lang='lat' dir='ltr'>firma</span> <span class='ocrx_word' id='word_1_152' title='bbox 2250 2707 2597 2779; x_wconf 80' lang='lat' dir='ltr'>facultate</span> <span class='ocrx_word' id='word_1_153' title='bbox 2657 2708 2889 2778; x_wconf 90' lang='lat' dir='ltr'>alium</span> <span class='ocrx_word' id='word_1_154' title='bbox 2959 2708 3208 2777; x_wconf 90' lang='lat' dir='ltr'>eidem</span> 
     </span>
     <span class='ocr_line' id='line_1_22' title="bbox 703 2800 3215 2904; baseline -0.001 -18"><span class='ocrx_word' id='word_1_155' title='bbox 703 2800 1231 2887; x_wconf 81' lang='lat' dir='ltr'>&#39;substituendi</span> <span class='ocrx_word' id='word_1_156' title='bbox 1279 2836 1521 2904; x_wconf 86' lang='lat' dir='ltr'>aeque</span> <span class='ocrx_word' id='word_1_157' title='bbox 1566 2817 1947 2887; x_wconf 88' lang='lat' dir='ltr'>idoneum.</span> <span class='ocrx_word' id='word_1_158' title='bbox 1996 2814 2363 2886; x_wconf 83' lang='lat' dir='ltr'>Defensor</span> <span class='ocrx_word' id='word_1_159' title='bbox 2412 2821 2668 2884; x_wconf 88' lang='lat' dir='ltr'>autem</span> <span class='ocrx_word' id='word_1_160' title='bbox 2707 2833 2989 2884; x_wconf 88' lang='lat' dir='ltr'>munus</span> <span class='ocrx_word' id='word_1_161' title='bbox 3024 2816 3215 2883; x_wconf 90' lang='lat' dir='ltr'>eius-</span> 
     </span>
     <span class='ocr_line' id='line_1_23' title="bbox 740 2923 3208 3012; baseline -0.001 -19"><span class='ocrx_word' id='word_1_162' title='bbox 740 2923 941 2993; x_wconf 90' lang='lat' dir='ltr'>modi</span> <span class='ocrx_word' id='word_1_163' title='bbox 988 2924 1424 3011; x_wconf 79' lang='lat' dir='ltr'>suscipienS‚</span> <span class='ocrx_word' id='word_1_164' title='bbox 1476 2925 1980 3007; x_wconf 87' lang='lat' dir='ltr'>iuramentum</span> <span class='ocrx_word' id='word_1_165' title='bbox 2033 2923 2439 3012; x_wconf 85' lang='lat' dir='ltr'>praestabit</span> <span class='ocrx_word' id='word_1_166' title='bbox 2485 2924 2580 2992; x_wconf 86' lang='lat' dir='ltr'>ad</span> <span class='ocrx_word' id='word_1_167' title='bbox 2630 2928 2908 2992; x_wconf 88' lang='lat' dir='ltr'>tactum</span> <span class='ocrx_word' id='word_1_168' title='bbox 2943 2942 3048 2993; x_wconf 89' lang='lat' dir='ltr'>ss.</span> <span class='ocrx_word' id='word_1_169' title='bbox 3078 2924 3208 2992; x_wconf 90' lang='lat' dir='ltr'>Dei</span> 
     </span>
     <span class='ocr_line' id='line_1_24' title="bbox 735 3030 3211 3120; baseline -0 -19"><span class='ocrx_word' id='word_1_170' title='bbox 735 3033 1318 3120; x_wconf 86' lang='lat' dir='ltr'>Evangeliorum</span> <span class='ocrx_word' id='word_1_171' title='bbox 1365 3031 1675 3102; x_wconf 86' lang='lat' dir='ltr'>fideliter</span> <span class='ocrx_word' id='word_1_172' title='bbox 1721 3031 2050 3101; x_wconf 84' lang='lat' dir='ltr'>officium</span> <span class='ocrx_word' id='word_1_173' title='bbox 2126 3051 2358 3100; x_wconf 89' lang='lat' dir='ltr'>suum</span> <span class='ocrx_word' id='word_1_174' title='bbox 2432 3030 2800 3117; x_wconf 92' lang='lat' dir='ltr'>obeundi,</span> <span class='ocrx_word' id='word_1_175' title='bbox 2852 3030 3211 3118; x_wconf 83' lang='lat' dir='ltr'>idemque</span> 
     </span>
     <span class='ocr_line' id='line_1_25' title="bbox 735 3137 3209 3228; baseline -0.001 -20"><span class='ocrx_word' id='word_1_176' title='bbox 735 3142 1240 3210; x_wconf 90' lang='lat' dir='ltr'>iuramentum</span> <span class='ocrx_word' id='word_1_177' title='bbox 1314 3140 1717 3228; x_wconf 74' lang='lat' dir='ltr'>praestabit</span> <span class='ocrx_word' id='word_1_178' title='bbox 1785 3139 2411 3227; x_wconf 81' lang='lat' dir='ltr'>quotiescumque</span> <span class='ocrx_word' id='word_1_179' title='bbox 2477 3138 2547 3205; x_wconf 95' lang='lat' dir='ltr'>in</span> <span class='ocrx_word' id='word_1_180' title='bbox 2617 3138 2884 3206; x_wconf 91' lang='lat' dir='ltr'>iudicio</span> <span class='ocrx_word' id='word_1_181' title='bbox 2932 3137 3209 3207; x_wconf 89' lang='lat' dir='ltr'>adesse</span> 
     </span>
    </p>
   </div>
   <div class='ocr_carea' id='block_1_3' title="bbox 3461 443 3485 2813">
    <p class='ocr_par' dir='ltr' id='par_1_4' title="bbox 3461 443 3485 2813">
     <span class='ocr_line' id='line_1_26' title="bbox 3461 443 3485 2813; baseline 0 0"><span class='ocrx_word' id='word_1_182' title='bbox 3461 443 3485 2813; x_wconf 95' lang='lat' dir='ltr'> </span> 
     </span>
    </p>
   </div>
   <div class='ocr_carea' id='block_1_4' title="bbox 3460 443 3486 2979">
    <p class='ocr_par' dir='ltr' id='par_1_5' title="bbox 3460 443 3486 2979">
     <span class='ocr_line' id='line_1_27' title="bbox 3460 443 3486 2979; baseline 0 0"><span class='ocrx_word' id='word_1_183' title='bbox 3460 443 3486 2979; x_wconf 95' lang='lat' dir='ltr'> </span> 
     </span>
    </p>
   </div>
   <div class='ocr_carea' id='block_1_5' title="bbox 657 3243 3215 4408">
    <p class='ocr_par' dir='ltr' id='par_1_6' title="bbox 730 3243 3215 3655">
     <span class='ocr_line' id='line_1_28' title="bbox 735 3243 3215 3316; baseline 0 -3"><span class='ocrx_word' id='word_1_184' title='bbox 735 3246 1070 3314; x_wconf 89' lang='lat' dir='ltr'>debebit:</span> <span class='ocrx_word' id='word_1_185' title='bbox 1117 3246 1415 3316; x_wconf 91' lang='lat' dir='ltr'>debebit</span> <span class='ocrx_word' id='word_1_186' title='bbox 1480 3252 1732 3316; x_wconf 89' lang='lat' dir='ltr'>autern</span> <span class='ocrx_word' id='word_1_187' title='bbox 1797 3246 2151 3315; x_wconf 92' lang='lat' dir='ltr'>omnibus</span> <span class='ocrx_word' id='word_1_188' title='bbox 2200 3244 2691 3314; x_wconf 86' lang='lat' dir='ltr'>conficiendis</span> <span class='ocrx_word' id='word_1_189' title='bbox 2739 3243 2923 3314; x_wconf 89' lang='lat' dir='ltr'>actis</span> <span class='ocrx_word' id='word_1_190' title='bbox 2987 3244 3215 3313; x_wconf 89' lang='lat' dir='ltr'>conti-</span> 
     </span>
     <span class='ocr_line' id='line_1_29' title="bbox 732 3347 3205 3439; baseline 0 -19"><span class='ocrx_word' id='word_1_191' title='bbox 732 3359 993 3422; x_wconf 89' lang='lat' dir='ltr'>nenter</span> <span class='ocrx_word' id='word_1_192' title='bbox 1040 3354 1409 3439; x_wconf 87' lang='lat' dir='ltr'>assistere,</span> <span class='ocrx_word' id='word_1_193' title='bbox 1462 3358 1541 3422; x_wconf 93' lang='lat' dir='ltr'>ut</span> <span class='ocrx_word' id='word_1_194' title='bbox 1585 3352 1912 3422; x_wconf 84' lang='lat' dir='ltr'>accusati</span> <span class='ocrx_word' id='word_1_195' title='bbox 1952 3347 2403 3422; x_wconf 81' lang='lat' dir='ltr'>matrimonii</span> <span class='ocrx_word' id='word_1_196' title='bbox 2446 3350 2895 3422; x_wconf 86' lang='lat' dir='ltr'>validitatem</span> <span class='ocrx_word' id='word_1_197' title='bbox 2931 3354 3002 3421; x_wconf 87' lang='lat' dir='ltr'>et</span> <span class='ocrx_word' id='word_1_198' title='bbox 3039 3352 3205 3420; x_wconf 88' lang='lat' dir='ltr'>iura</span> 
     </span>
     <span class='ocr_line' id='line_1_30' title="bbox 732 3458 3203 3547; baseline -0.001 -20"><span class='ocrx_word' id='word_1_199' title='bbox 732 3460 945 3528; x_wconf 85' lang='lat' dir='ltr'>iustis</span> <span class='ocrx_word' id='word_1_200' title='bbox 994 3461 1324 3530; x_wconf 83' lang='lat' dir='ltr'>vindiciis</span> <span class='ocrx_word' id='word_1_201' title='bbox 1370 3480 1459 3530; x_wconf 92' lang='lat' dir='ltr'>ac</span> <span class='ocrx_word' id='word_1_202' title='bbox 1505 3466 1812 3529; x_wconf 89' lang='lat' dir='ltr'>strenue</span> <span class='ocrx_word' id='word_1_203' title='bbox 1861 3466 2020 3529; x_wconf 90' lang='lat' dir='ltr'>tum</span> <span class='ocrx_word' id='word_1_204' title='bbox 2073 3478 2258 3528; x_wconf 88' lang='lat' dir='ltr'>voce</span> <span class='ocrx_word' id='word_1_205' title='bbox 2324 3464 2479 3528; x_wconf 91' lang='lat' dir='ltr'>tum</span> <span class='ocrx_word' id='word_1_206' title='bbox 2547 3458 2823 3547; x_wconf 86' lang='lat' dir='ltr'>scripto</span> <span class='ocrx_word' id='word_1_207' title='bbox 2886 3464 3203 3544; x_wconf 88' lang='lat' dir='ltr'>tueatur,</span> 
     </span>
     <span class='ocr_line' id='line_1_31' title="bbox 730 3562 3209 3655; baseline -0.002 -20"><span class='ocrx_word' id='word_1_208' title='bbox 730 3567 803 3635; x_wconf 92' lang='lat' dir='ltr'>in</span> <span class='ocrx_word' id='word_1_209' title='bbox 850 3586 1002 3655; x_wconf 90' lang='lat' dir='ltr'>quo</span> <span class='ocrx_word' id='word_1_210' title='bbox 1053 3568 1526 3654; x_wconf 89' lang='lat' dir='ltr'>potissimum</span> <span class='ocrx_word' id='word_1_211' title='bbox 1575 3568 1914 3637; x_wconf 87' lang='lat' dir='ltr'>eiusdem</span> <span class='ocrx_word' id='word_1_212' title='bbox 1949 3565 2371 3636; x_wconf 87' lang='lat' dir='ltr'>defensoris</span> <span class='ocrx_word' id='word_1_213' title='bbox 2413 3570 2756 3635; x_wconf 91' lang='lat' dir='ltr'>versatur</span> <span class='ocrx_word' id='word_1_214' title='bbox 2787 3564 3127 3634; x_wconf 86' lang='lat' dir='ltr'>officium</span> <span class='ocrx_word' id='word_1_215' title='bbox 3164 3562 3209 3630; x_wconf 80' lang='lat'>².</span> 
     </span>
    </p>

    <p class='ocr_par' dir='ltr' id='par_1_7' title="bbox 657 3674 3213 4408">
     <span class='ocr_line' id='line_1_32' title="bbox 863 3674 3211 3761; baseline -0 -19"><span class='ocrx_word' id='word_1_216' title='bbox 863 3677 926 3743; x_wconf 90' lang='lat'>5.</span> <span class='ocrx_word' id='word_1_217' title='bbox 977 3674 1195 3743; x_wconf 91' lang='lat' dir='ltr'>Hisce</span> <span class='ocrx_word' id='word_1_218' title='bbox 1243 3677 1337 3744; x_wconf 88' lang='lat' dir='ltr'>ita</span> <span class='ocrx_word' id='word_1_219' title='bbox 1386 3675 1819 3759; x_wconf 88' lang='lat' dir='ltr'>constitutis,</span> <span class='ocrx_word' id='word_1_220' title='bbox 1857 3692 2229 3761; x_wconf 88' lang='lat' dir='ltr'>personae</span> <span class='ocrx_word' id='word_1_221' title='bbox 2272 3674 2641 3756; x_wconf 87' lang='lat' dir='ltr'>inductae,</span> <span class='ocrx_word' id='word_1_222' title='bbox 2677 3691 3211 3760; x_wconf 90' lang='lat' dir='ltr'>quaecumque</span> 
     </span>
     <span class='ocr_line' id='line_1_33' title="bbox 727 3780 3210 3869; baseline -0 -20"><span class='ocrx_word' id='word_1_223' title='bbox 727 3780 892 3851; x_wconf 88' lang='lat' dir='ltr'>illae</span> <span class='ocrx_word' id='word_1_224' title='bbox 942 3783 1126 3869; x_wconf 88' lang='lat' dir='ltr'>sint,</span> <span class='ocrx_word' id='word_1_225' title='bbox 1179 3784 1506 3852; x_wconf 84' lang='lat' dir='ltr'>examini</span> <span class='ocrx_word' id='word_1_226' title='bbox 1554 3798 1905 3852; x_wconf 90' lang='lat' dir='ltr'>seorsum</span> <span class='ocrx_word' id='word_1_227' title='bbox 1978 3790 2199 3851; x_wconf 90' lang='lat' dir='ltr'>erunt</span> <span class='ocrx_word' id='word_1_228' title='bbox 2250 3780 2801 3867; x_wconf 90' lang='lat' dir='ltr'>subiiciendae,</span> <span class='ocrx_word' id='word_1_229' title='bbox 2852 3782 3210 3868; x_wconf 86' lang='lat' dir='ltr'>praestito</span> 
     </span>
     <span class='ocr_line' id='line_1_34' title="bbox 725 3888 3213 3978; baseline 0.001 -23"><span class='ocrx_word' id='word_1_230' title='bbox 725 3888 1146 3957; x_wconf 89' lang='lat' dir='ltr'>iuramento</span> <span class='ocrx_word' id='word_1_231' title='bbox 1194 3890 1288 3958; x_wconf 90' lang='lat' dir='ltr'>ad</span> <span class='ocrx_word' id='word_1_232' title='bbox 1339 3896 1618 3960; x_wconf 87' lang='lat' dir='ltr'>tactum</span> <span class='ocrx_word' id='word_1_233' title='bbox 1671 3890 1944 3977; x_wconf 88' lang='lat' dir='ltr'>pariter</span> <span class='ocrx_word' id='word_1_234' title='bbox 1988 3909 2092 3958; x_wconf 84' lang='lat' dir='ltr'>ss.</span> <span class='ocrx_word' id='word_1_235' title='bbox 2136 3889 2267 3958; x_wconf 92' lang='lat' dir='ltr'>Dei</span> <span class='ocrx_word' id='word_1_236' title='bbox 2323 3888 2904 3978; x_wconf 89' lang='lat' dir='ltr'>Evangeliorum</span> <span class='ocrx_word' id='word_1_237' title='bbox 2954 3889 3213 3958; x_wconf 86' lang='lat' dir='ltr'>verita-</span> 
     </span>
     <span class='ocr_line' id='line_1_35' title="bbox 730 3983 3212 4086; baseline -0.001 -19"><span class='ocrx_word' id='word_1_238' title='bbox 730 4014 879 4067; x_wconf 85' lang='lat' dir='ltr'>tem</span> <span class='ocrx_word' id='word_1_239' title='bbox 928 3983 1379 4086; x_wconf 61' lang='lat' dir='ltr'>dicendi3&#39;et</span> <span class='ocrx_word' id='word_1_240' title='bbox 1409 3999 1473 4067; x_wconf 92' lang='lat' dir='ltr'>si</span> <span class='ocrx_word' id='word_1_241' title='bbox 1505 4005 1847 4068; x_wconf 87' lang='lat' dir='ltr'>actorum</span> <span class='ocrx_word' id='word_1_242' title='bbox 1884 3999 2317 4067; x_wconf 87' lang='lat' dir='ltr'>moderator</span> <span class='ocrx_word' id='word_1_243' title='bbox 2354 4002 2871 4085; x_wconf 88' lang='lat' dir='ltr'>opportunum</span> <span class='ocrx_word' id='word_1_244' title='bbox 2900 3997 3212 4067; x_wconf 86' lang='lat' dir='ltr'>duxerit</span> 
     </span>
     <span class='ocr_line' id='line_1_36' title="bbox 728 4103 3203 4194; baseline 0 -22"><span class='ocrx_word' id='word_1_245' title='bbox 728 4106 1010 4175; x_wconf 87' lang='lat' dir='ltr'>ratione</span> <span class='ocrx_word' id='word_1_246' title='bbox 1058 4107 1426 4194; x_wconf 82' lang='lat' dir='ltr'>qualitatis</span> <span class='ocrx_word' id='word_1_247' title='bbox 1471 4105 1984 4193; x_wconf 91' lang='lat' dir='ltr'>impedimenti</span> <span class='ocrx_word' id='word_1_248' title='bbox 2034 4106 2165 4174; x_wconf 89' lang='lat' dir='ltr'>vel.</span> <span class='ocrx_word' id='word_1_249' title='bbox 2200 4106 2431 4174; x_wconf 91' lang='lat' dir='ltr'>etiam</span> <span class='ocrx_word' id='word_1_250' title='bbox 2480 4103 3051 4191; x_wconf 88' lang='lat' dir='ltr'>adiunctorum,</span> <span class='ocrx_word' id='word_1_251' title='bbox 3104 4105 3203 4173; x_wconf 93' lang='lat' dir='ltr'>iu-</span> 
     </span>
     <span class='ocr_line' id='line_1_37' title="bbox 657 4210 3202 4301; baseline 0.001 -21"><span class='ocrx_word' id='word_1_252' title='bbox 657 4222 663 4228; x_wconf 80' lang='lat'>·</span> <span class='ocrx_word' id='word_1_253' title='bbox 725 4212 999 4281; x_wconf 90' lang='lat' dir='ltr'>rabunt</span> <span class='ocrx_word' id='word_1_254' title='bbox 1028 4213 1251 4282; x_wconf 88' lang='lat' dir='ltr'>etiam</span> <span class='ocrx_word' id='word_1_255' title='bbox 1283 4214 1377 4282; x_wconf 92' lang='lat' dir='ltr'>de</span> <span class='ocrx_word' id='word_1_256' title='bbox 1409 4217 1696 4283; x_wconf 88' lang='lat' dir='ltr'>secreto</span> <span class='ocrx_word' id='word_1_257' title='bbox 1732 4232 1974 4301; x_wconf 90' lang='lat' dir='ltr'>usque</span> <span class='ocrx_word' id='word_1_258' title='bbox 2007 4210 2105 4283; x_wconf 91' lang='lat' dir='ltr'>ad</span> <span class='ocrx_word' id='word_1_259' title='bbox 2156 4230 2574 4300; x_wconf 89' lang='lat' dir='ltr'>processus</span> <span class='ocrx_word' id='word_1_260' title='bbox 2621 4212 3202 4298; x_wconf 87' lang='lat' dir='ltr'>publicationem</span> 
     </span>
     <span class='ocr_line' id='line_1_38' title="bbox 726 4318 3202 4408; baseline 0.001 -20"><span class='ocrx_word' id='word_1_261' title='bbox 726 4321 1123 4389; x_wconf 90' lang='lat' dir='ltr'>servando.</span> <span class='ocrx_word' id='word_1_262' title='bbox 1173 4322 1261 4390; x_wconf 93' lang='lat' dir='ltr'>Et</span> <span class='ocrx_word' id='word_1_263' title='bbox 1309 4340 1487 4408; x_wconf 88' lang='lat' dir='ltr'>prae</span> <span class='ocrx_word' id='word_1_264' title='bbox 1534 4321 1801 4390; x_wconf 91' lang='lat' dir='ltr'>ceteris</span> <span class='ocrx_word' id='word_1_265' title='bbox 1844 4319 1964 4390; x_wconf 88' lang='lat' dir='ltr'>ille</span> <span class='ocrx_word' id='word_1_266' title='bbox 2009 4321 2220 4408; x_wconf 89' lang='lat' dir='ltr'>prius</span> <span class='ocrx_word' id='word_1_267' title='bbox 2260 4318 2685 4389; x_wconf 89' lang='lat' dir='ltr'>audiendus</span> <span class='ocrx_word' id='word_1_268' title='bbox 2717 4319 2853 4389; x_wconf 89' lang='lat' dir='ltr'>erit</span> <span class='ocrx_word' id='word_1_269' title='bbox 2882 4321 3011 4407; x_wconf 89' lang='lat' dir='ltr'>qui</span> <span class='ocrx_word' id='word_1_270' title='bbox 3048 4339 3202 4391; x_wconf 88' lang='lat' dir='ltr'>ma-</span> 
     </span>
    </p>
   </div>
   <div class='ocr_carea' id='block_1_6' title="bbox 3456 443 3490 3945">
    <p class='ocr_par' dir='ltr' id='par_1_8' title="bbox 3456 443 3490 3945">
     <span class='ocr_line' id='line_1_39' title="bbox 3456 443 3490 3945; baseline 0 0"><span class='ocrx_word' id='word_1_271' title='bbox 3456 443 3490 3945; x_wconf 95' lang='lat' dir='ltr'> </span> 
     </span>
    </p>
   </div>
   <div class='ocr_carea' id='block_1_7' title="bbox 857 4530 3137 4712">
    <p class='ocr_par' dir='ltr' id='par_1_9' title="bbox 857 4530 3137 4712">
     <span class='ocr_line' id='line_1_40' title="bbox 859 4530 3137 4612; baseline -0.001 -15"><span class='ocrx_word' id='word_1_272' title='bbox 859 4539 875 4575; x_wconf 89' lang='lat'>¹</span> <span class='ocrx_word' id='word_1_273' title='bbox 924 4538 1017 4597; x_wconf 89' lang='lat' dir='ltr'>Ex</span> <span class='ocrx_word' id='word_1_274' title='bbox 1047 4530 1155 4596; x_wconf 87' lang='lat' dir='ltr'>cit.</span> <span class='ocrx_word' id='word_1_275' title='bbox 1194 4534 1407 4596; x_wconf 80' lang='lat' dir='ltr'>Const.</span> <span class='ocrx_word' id='word_1_276' title='bbox 1444 4537 1564 4595; x_wconf 77' lang='lat' dir='ltr'>Del</span> <span class='ocrx_word' id='word_1_277' title='bbox 1606 4539 2030 4595; x_wconf 76' lang='lat' dir='ltr'>miseratione</span> <span class='ocrx_word' id='word_1_278' title='bbox 2071 4537 2109 4612; x_wconf 66' lang='grc' dir='ltr'><strong>ἓ</strong></span> <span class='ocrx_word' id='word_1_279' title='bbox 2150 4541 2216 4598; x_wconf 87' lang='grc'>5.</span> <span class='ocrx_word' id='word_1_280' title='bbox 2251 4536 2573 4597; x_wconf 78' lang='lat' dir='ltr'>relata&#39;in.</span> <span class='ocrx_word' id='word_1_281' title='bbox 2604 4535 2986 4611; x_wconf 78' lang='lat' dir='ltr'>Appendice</span> <span class='ocrx_word' id='word_1_282' title='bbox 3048 4537 3137 4595; x_wconf 71' lang='lat'>1⁰.</span> 
     </span>
     <span class='ocr_line' id='line_1_41' title="bbox 857 4635 2062 4712; baseline 0.001 -18"><span class='ocrx_word' id='word_1_283' title='bbox 857 4637 881 4674; x_wconf 73' lang='lat'>2</span> <span class='ocrx_word' id='word_1_284' title='bbox 925 4636 1080 4694; x_wconf 90' lang='lat' dir='ltr'>Vide</span> <span class='ocrx_word' id='word_1_285' title='bbox 1122 4637 1230 4694; x_wconf 89' lang='lat' dir='ltr'>cit.</span> <span class='ocrx_word' id='word_1_286' title='bbox 1283 4636 1496 4695; x_wconf 77' lang='lat' dir='ltr'>Const.</span> <span class='ocrx_word' id='word_1_287' title='bbox 1548 4655 1616 4694; x_wconf 77' lang='grc' dir='ltr'>η.</span> <span class='ocrx_word' id='word_1_288' title='bbox 1669 4635 1733 4694; x_wconf 83' lang='grc'>6.</span> <span class='ocrx_word' id='word_1_289' title='bbox 1783 4643 1847 4694; x_wconf 80' lang='lat' dir='ltr'>et</span> <span class='ocrx_word' id='word_1_290' title='bbox 1892 4654 2062 4712; x_wconf 79' lang='lat' dir='ltr'>seqq.</span> 
     </span>
    </p>
   </div>
  </div>
 </body>
</html>
