3509 5317
627 514 669 560 Q
746 491 924 553 -125-

162 706 164 709 ,
293 630 423 699 «Cum
449 629 574 699 militet
596 648 646 700 ex
670 634 774 717 parte
804 631 974 721 coniugis
1009 633 1183 702 conversi
1216 630 1323 703 favor
1357 630 1454 717 fidei,

224 754 270 805 eo
295 736 513 825 (privilegio)
539 742 660 825 potest
684 738 733 806 uti
758 757 1000 827 quacumque
1024 758 1072 809 ex
1096 759 1223 826 causa,
1245 738 1454 808 dummodo

223 844 320 913 iusta
345 844 401 931 sit,
418 842 596 913 nimirum
620 844 651 913 si
675 862 750 913 non
768 844 911 915 dederit
926 846 1070 947 iustum
1082 866 1129 916 ac
1144 845 1455 938 rationabilamo·

222 952 343 1019 tivum
368 950 473 1020 alteri
495 950 644 1038 coniugi
668 949 895 1038 discedendi,
920 954 970 1022 ita
992 962 1117 1022 tamen
1144 959 1183 1021 ut
1206 959 1295 1021 tunc
1330 952 1454 1021 solum

223 1057 448 1145 intelligatur
471 1042 638 1127 solutum
662 1059 792 1147 iugum
817 1059 955 1128 vinculi
980 1059 1261 1129 matrimonialis
1284 1078 1372 1128 cum
1403 1059 1454 1126 in·

222 1161 336 1251 fideli,
360 1162 512 1250 quando
535 1165 674 1233 coniux
698 1182 908 1234 conversus
931 1166 1123 1251 (renuente
1147 1167 1262 1234 altero
1298 1171 1382 1252 post
1404 1165 1456 1232 in·

222 1270 518 1358 terpellationem
543 1273 721 1358 converti)
745 1273 877 1343 transit
900 1275 948 1344 ad
972 1273 1042 1344 alia
1068 1280 1152 1343 vota
1185 1292 1273 1342 cum
1309 1271 1408 1341 fideli
1424 1294 1456 1339 ».

293 1378 488 1448 instructio
512 1398 602 1449 vero
626 1380 662 1449 S.
687 1381 723 1450 C.
749 1380 795 1450 de
819 1381 1070 1469 Propaganda
1093 1381 1179 1451 Fide
1203 1382 1337 1450 decimi
1360 1380 1456 1449 sexti

224 1482 385 1556 Ianuarii
412 1488 595 1559 millesimi
619 1489 935 1578 septingentesimi
961 1491 1193 1579 nonagesimi
1218 1489 1364 1575 septimi
1396 1487 1457 1556 do

224 1600 305 1664 cet:
333 1617 351 1658 «
368 1596 408 1663 ln
433 1614 526 1666 casu
549 1596 772 1666 matrimonii
789 1596 1017 1666 dissolvendi
1035 1617 1084 1666 ex
1100 1596 1290 1683 privilegio
1307 1596 1342 1663 in
1359 1592 1458 1663 favo·

225 1721 308 1772 rem
331 1702 415 1772 fidei
442 1704 680 1792 promulgato
704 1704 753 1774 ab
776 1704 967 1791 Apostolo,
992 1706 1069 1773 duo
1094 1704 1187 1793 baec
1209 1708 1353 1775 tantum
1378 1720 1458 1788 spe

223 1809 370 1895 ctanda,
396 1810 444 1881 de
472 1811 610 1898 quibus
632 1810 713 1881 deri
736 1811 847 1881 debet
870 1811 1134 1898 interpellatio:
1160 1813 1190 1878 l.
1208 1811 1342 1883 Utrum
1367 1828 1458 1896 pars

225 1915 387 1987 infidelis
420 1918 507 1987 velit
540 1919 717 1988 converti.
752 1922 784 1989 2.
814 1920 949 1990 Utrum
975 1919 1107 1989 saltem
1135 1918 1220 1988 velit
1243 1917 1457 1987 cohabitare

225 2025 308 2093 sine
332 2026 558 2095 contumelia
581 2027 774 2112 Cremona,
801 2025 901 2095 nulla
928 2033 1116 2113 praeterea
1148 2025 1272 2094 habita
1303 2026 1456 2111 ratione,

229 2137 356 2202 utrum
391 2152 461 2203 nec
496 2153 544 2203 ne
578 2134 808 2222 praeceperit
840 2134 920 2203 sive
955 2133 1201 2218 adulterium,
1237 2133 1317 2202 sive
1353 2150 1459 2219 repu-

225 2239 367 2309 dium»
395 2241 437 2321 ¹.,
501 2266 503 2269 ¹
684 2316 687 2322 Ι

293 2350 347 2417 53.
371 2350 464 2419 ltem
488 2352 627 2418 coniux
649 2367 859 2419 conversus
883 2351 932 2418 uti
949 2351 1079 2437 poterit
1096 2349 1286 2438 privilegio
1305 2349 1457 2436 paulino

225 2456 379 2543 quando
396 2476 486 2543 pars
501 2457 626 2527 adbuc
650 2456 809 2527 infidelis
833 2458 1010 2545 baptizari
1028 2458 1180 2543 quidem
1196 2458 1306 2544 cupit,
1323 2458 1390 2526 sed
1408 2458 1457 2527 ad

225 2572 455 2633 conversum
479 2564 679 2653 coniugem
698 2565 817 2634 redire
834 2574 994 2650 recusat
1014 2576 1054 2634 ut
1070 2571 1169 2652 patet
1184 2583 1233 2633 ex
1252 2566 1388 2633 recenti
1404 2583 1456 2632 re·

226 2689 369 2757 sponso
392 2672 534 2740 reddito
551 2670 700 2743 cuidam
718 2671 909 2759 Superiori
925 2672 1122 2757 Missionis,
1140 2672 1204 2760 qui
1222 2671 1457 2759 ApostOlicae

226 2776 315 2846 Sedi
338 2784 588 2865 proposuerat
609 2797 742 2849 casum
766 2798 811 2848 ac
835 2778 993 2849 dubium
1019 2779 1245 2848 solvendum
1270 2787 1309 2847 ut
1338 2779 1458 2865 sequi·

227 2891 309 2953 tur:
335 2886 436 2953 «Vir
459 2886 602 2974 aliquis,
627 2905 715 2956 cum
740 2888 911 2956 nondum
939 2886 1146 2974 baptizatus
1180 2897 1269 2972 erat,
1309 2887 1458 2955 iunctus

225 2977 285 3061 est
308 2993 542 3062 matrimonio
566 3012 653 3063 curti
691 2995 847 3064 muliere
875 3000 911 3063 et
944 2995 1024 3081 ipsa
1060 2995 1208 3082 gentili..
1232 2995 1368 3063 Postea
1403 2992 1459 3060 vir

225 3099 437 3185 baptizatus
459 3111 526 3170 est.
549 3103 597 3171 at
627 3108 779 3190 propter
812 3103 915 3172 rixas
949 3108 1145 3171 continuas
1180 3101 1460 3188 dereliquerunt

227 3206 551 3275 cohabitationem.
575 3209 641 3276 Vir
665 3209 891 3279 christianus
915 3211 1057 3295 asserit,
1081 3228 1124 3278 se
1148 3227 1342 3297 nunquam
1381 3228 1459 3277 mu·

228 3312 357 3381 lierem
382 3314 480 3384 hanc
507 3315 672 3385 voluisse
695 3317 764 3385 sibi
800 3336 953 3386 sumere
988 3318 1024 3385 in
1061 3316 1248 3386 voluntate
1284 3334 1458 3386 uxorem.

227 3420 333 3491 Haec
355 3424 485 3494 adhuc
506 3425 660 3514 gentilis
685 3431 721 3493 et
744 3425 921 3512 baptizari
946 3424 1174 3509 desiderans,
1199 3424 1245 3492 ad
1266 3425 1386 3492 virum
1405 3442 1460 3492 re·

232 3527 314 3596 dire
337 3548 410 3598 non
436 3531 523 3601 vult.
547 3567 569 3580 -
591 3532 649 3600 An
676 3533 758 3602 licet
780 3534 817 3600 in
842 3533 900 3600 bis
923 3532 1116 3616 adiunctis
1141 3532 1232 3599 dum
1253 3531 1387 3599 mulier
1402 3531 1463 3600 ba·

227 3637 362 3723 ptizata
387 3639 556 3709 nondum
580 3645 650 3726 est,
671 3641 750 3709 viro
775 3640 918 3709 nubere
941 3640 1079 3709 aliamt
1107 3662 1125 3703 »

297 3745 400 3815 Faria
427 3747 486 3834 lV,
511 3749 570 3818 die
593 3749 637 3816 26
661 3749 797 3835 Aprilis
814 3749 902 3818 1899
919 3749 1049 3817 Patres
1062 3746 1277 3817 Cardinales
1294 3747 1329 3813 in
1348 3746 1462 3814 rebus

226 3849 314 3920 fidei
338 3859 373 3921 ct
389 3872 541 3923 morum
557 3855 799 3942 inquisitores
815 3856 1012 3944 generales
1029 3853 1335 3942 respondendum
1358 3872 1462 3921 man-

227 3956 374 4049 darunt,
400 3962 558 4033 Summo
583 3963 759 4034 Pontiflce
788 3964 1020 4051 approbante
1042 3973 1080 4033 et
1102 3962 1367 4032 conflrmante:

298 4072 445 4140 «Curet
467 4071 644 4158 Superior
668 4071 854 4141 Missionis
890 4072 973 4141 totis
997 4073 1149 4157 viribus,
1173 4078 1213 4140 ut
1242 4071 1459 4158 compositis

226 4179 358 4266 iurgiis
373 4196 418 4248 ac
434 4177 740 4265 dissensionibus,
759 4180 939 4268 coniuges
958 4181 1091 4250 iterum
1118 4180 1301 4263 uniantur,
1319 4186 1356 4247 et
1370 4195 1458 4263 pars

227 4283 388 4354 infidelis
407 4292 655 4355 convertatur.
684 4286 722 4354 Si
748 4291 874 4354 autem
900 4286 979 4372 ipsa
1001 4293 1135 4356 renuat
1156 4282 1270 4373 culpa
1292 4286 1359 4353 viri
1376 4303 1460 4353 con·

293 4519 301 4555 ¹
326 4516 374 4577 Gt.
395 4516 630 4593 Ephemeridam
646 4515 694 4576 cui
709 4516 839 4576 titulust
866 4522 946 4573 Acta
960 4516 993 4573 S.
1012 4515 1105 4573 Sedis
1122 4516 1154 4573 in
1169 4514 1380 4592 compendium
1395 4523 1456 4573 etc.

231 4617 299 4677 Vol.
325 4618 453 4677 XXXI.
476 4634 575 4692 papp.
602 4616 623 4671 6
649 4613 772 4674 4-695.
