3509 5317
3131 1 3148 12 ι

3057 1 3107 27 ,ρ’
3151 17 3172 43 5
3197 28 3235 47 Ἢ

3296 61 3341 81 «¹-

3298 203 3307 212 ι

1766 527 1841 540 -
1884 495 2004 556 400
2047 528 2122 540 -
2154 465 2176 480 ’
3490 445 3499 552 l

720 639 1019 720 terrent,
1067 651 1312 720 neque
1343 633 1441 703 ab
1489 631 1574 700 iis
1607 632 2093 719 PrincipibuS,
2127 634 2253 721 qui
2290 634 2359 700 in
2394 634 2549 702 istis
2592 634 3022 722 regionibus
3055 643 3193 705 tuo

720 740 1082 829 spirituali
1128 740 1475 826 regimini>
1516 738 1958 808 concreditis
2007 741 2416 827 imperant,
2479 742 2891 828 quidquam
2944 741 3199 812 formi-

722 850 1018 934 damuS,
1076 846 1280 935 quod
1327 846 1741 933 parochus,
1792 847 2208 934 Christique
2256 848 2691 918 sacerdotes
2737 850 2810 917 in
2862 868 2997 919 eas
3042 851 3200 919 adi-

722 964 903 1044 gant
945 956 1349 1043 angustiae,
1399 966 1480 1023 ut
1529 955 1643 1024 vel
1694 973 1836 1023 suo
1888 955 2179 1025 muneri
2214 954 2478 1035 desint,
2530 955 2643 1023 vel
2694 956 3062 1043 Principis
3093 957 3201 1024 in-

722 1062 1223 1151 dignationem
1274 1062 1673 1130 incurrant.
1733 1061 1814 1129 In
1864 1061 2135 1130 ditione
2169 1061 2486 1131 Badensi
2536 1079 2625 1129 eo
2673 1062 2933 1147 edicto,
2970 1063 3199 1131 cuius

722 1170 820 1238 ab
867 1168 1065 1238 initio
1117 1169 1638 1254 meminimus,
1689 1170 1801 1236 vis
1847 1167 2051 1238 nulla
2099 1167 2408 1238 infertur
2455 1169 2971 1256 parochorum
3020 1187 3201 1237 con-

721 1279 1089 1364 scientiae,
1123 1277 1187 1345 si
1220 1276 1436 1344 novis
1468 1275 1744 1363 nuptiis
1793 1276 2087 1345 illorum
2132 1276 2560 1363 coniugum,
2595 1276 2718 1363 qui
2755 1295 2799 1346 a
2833 1276 3201 1345 consisto·

725 1386 850 1455 riis
883 1384 1311 1456 acatholicis
1343 1382 1609 1471 prioris
1645 1383 2090 1452 matrimonii
2140 1383 2438 1454 vinculo
2471 1389 2647 1453 sunt
2680 1384 2983 1470 liberati,
3022 1385 3202 1454 inte-

722 1509 933 1561 resse
981 1491 1234 1560 nolint.
1286 1491 1362 1558 In
1416 1490 1773 1559 Bavarica
1827 1496 1957 1559 aut
2005 1490 2371 1577 Palatina,
2437 1493 2789 1577 quamvis
2836 1493 3197 1578 asperius

722 1599 1132 1687 quidquam
1184 1599 1276 1667 sit
1324 1598 1465 1668 hac
1511 1598 1603 1667 de
1652 1617 1731 1666 re
1784 1598 2244 1683 mandatum,
2299 1599 2495 1667 haud
2551 1605 2797 1668 tamen
2836 1600 3197 1686 parochis

723 1706 1100 1774 catholicis
1149 1711 1632 1793 praeceptum
1667 1711 1798 1790 est,
1837 1713 1915 1774 ut
1947 1706 2163 1774 novis
2196 1706 2472 1792 nuptiis
2513 1706 2867 1791 intersint,
2903 1725 3199 1795 easque

723 1832 860 1882 sua
924 1811 1433 1881 benedictione
1490 1808 1956 1880 confirment.
2023 1812 2438 1899 Speramus
2492 1817 2744 1880 autem
2807 1813 3199 1881 serenissi-

724 1938 936 1989 mum
984 1919 1342 1989 Bavariae
1372 1917 1647 1987 ducem
1680 1919 2124 1989 catholicum
2177 1926 2250 1987 et
2294 1919 2640 2006 egregiae
2688 1919 2959 1988 indolis
2994 1920 3189 2007 prin-

723 2027 966 2113 cipem
1036 2033 1335 2095 suomet
1396 2027 1724 2114 ingenio,
1788 2031 1859 2095 et
1917 2026 2065 2094 tuis
2141 2027 2364 2096 etiam
2428 2027 2780 2113 precihus
2843 2026 3194 2096 hortatio-

721 2135 1095 2222 nibusque
1142 2134 1554 2203 adductum
1605 2133 1710 2218 iri,
1765 2139 1843 2201 ut
1889 2132 2381 2202 saniora‘hac
2428 2132 2522 2201 de
2572 2149 2651 2200 re
2699 2132 3010 2202 consilia
3071 2153 3193 2203 su-

728 2241 1008 2328 scipiat.
2580 2260 2590 2267 ’

864 2347 1248 2417 Veremur.
1300 2348 1566 2433 potiuS,
1630 2347 2138 2432 parochorum
2202 2345 2696 2415 constantiam
2760 2343 3194 2416 labefactari

730 2471 956 2540 posse
1004 2455 1100 2523 ab
1147 2473 1240 2524 ea
1285 2455 1636 2542 opinandi
1689 2454 2038 2540 libertate,
2088 2473 2286 2542 quae
2333 2455 2620 2541 passim
2676 2471 2881 2523 nunc
2930 2456 3191 2542 serpit,

725 2580 815 2630 ac
862 2562 1362 2650 plurimorum
1414 2570 1700 2632 mentes
1748 2564 2178 2649 corrumpit,
2229 2571 2452 2649 atque
2501 2581 2543 2630 a
2591 2561 2992 2630 servandis
3024 2581 3195 2631 san-

724 2669 1071 2738 ctissimis
1104 2670 1477 2739 Ecclesiae
1527 2670 1836 2759 legibuS,
1872 2676 1945 2750 et,
1974 2672 2407 2757 praesertim
2460 2669 2687 2738 huius
2732 2669 3195 2756 apostolicae

730 2776 946 2846 Sedis
992 2776 1648 2847 Constitutionibus
1706 2777 1968 2864 abripit
2026 2795 2116 2846 ac
2176 2777 2485 2845 divertit.
2536 2776 2615 2843 In
2668 2777 2811 2844 hac
2860 2776 3046 2862 ipsa,
3097 2775 3195 2844 de

724 2904 873 2971 qua
922 2885 1241 2971 agimus»,
1290 2903 1517 2954 causa
1572 2892 1722 2953 tres
1770 2884 2014 2971 inquis
2063 2902 2231 2952 esse
2300 2882 2819 2970 theologorum
2869 2899 2961 2951 ac
3009 2882 3196 2951 iuris

724 2992 1056 3060 canonici
1092 2993 1495 3078 peritorum
1523 2992 1950 3077 sententiaS,
1979 2991 2277 3060 diverso
2311 2997 2561 3060 tamen
2595 2991 2758 3060 iure
2789 2990 3189 3075 subnixae,

727 3117 923 3185 quae
970 3098 1451 3168 conciliandis
1482 3101 1600 3168 his
1633 3099 1851 3167 novis
1885 3098 2158 3186 nuptiis
2192 3116 2368 3166 cum
2401 3099 2910 3185 parochorum
2945 3100 3194 3168 catho-

726 3205 1040 3275 licorum
1089 3208 1506 3293 praesentia
1539 3206 1791 3276 favent
1814 3225 1902 3276 ac
1927 3204 2460 3295 suffragantur.
2496 3206 2634 3275 Alii
2660 3208 2994 3277 sentiunt
3024 3209 3194 3277 hae·

725 3313 1127 3381 reticorum
1187 3313 1661 3383 matrimonia
1722 3319 2192 3383 sacramenta
2253 3332 2404 3381 non
2465 3331 2667 3397 esse,
2736 3314 2871 3382 sed
2936 3314 3191 3383 civiles

725 3425 1012 3490 tantum
1078 3428 1520 3507 contractuS,
1581 3433 1806 3509 atque
1867 3423 2058 3491 adeo
2117 3422 2455 3508 perpetui
2503 3441 2592 3492 ac
2654 3421 3189 3491 indissolubilis

728 3530 995 3598 vinculi
1049 3530 1208 3618 lege
1256 3548 1404 3598 non
1458 3529 1706 3598 teneri.
1740 3529 1878 3597 Alii
1910 3529 2325 3599 haereticos
2371 3539 2766 3599 autumant
2809 3530 3187 3599 Ecclesiae

727 3636 928 3705 haud
985 3655 1154 3705 esse
1218 3636 1629 3722 subiectos,
1681 3654 1926 3723 neque
1975 3638 2136 3704 suis
2185 3635 2477 3721 legibus
2542 3635 2957 3721 obnoxios,
3009 3636 3182 3723 quin

728 3743 1016 3829 possint
1059 3743 1155 3811 ad
1205 3743 1343 3811 alia
1397 3748 1565 3811 vota
1619 3744 1953 3829 transire,
2004 3743 2068 3810 si
2118 3741 2418 3829 publica
2475 3742 2893 3810 consistorii
2945 3748 3185 3811 aucto·

727 3848 935 3917 ritate
983 3868 1031 3917 a
1076 3849 1344 3936 prioris
1391 3850 1838 3918 matrimonii
1875 3850 2169 3918 vinculo
2220 3849 2639 3917 liberentur.
2688 3848 2828 3916 Alii
2870 3848 3180 3918 demum

729 3963 1029 4028 tuentur
1077 3959 1622 4028 haereticorum
1691 3959 2164 4028 matrimonia
2228 3974 2487 4026 coram
2535 3956 2871 4025 ministro
2935 3957 3185 4026 haere-

729 4067 868 4136 tico
917 4067 1105 4154 inita,
1158 4066 1373 4134 insito
1422 4064 1756 4152 quodam
1820 4066 2167 4134 nullitatis
2231 4065 2401 4133 vitio
2450 4063 2664 4149 infici,
2733 4082 2822 4133 ac
2870 4065 3182 4150 proinde

729 4175 791 4242 si
840 4174 1105 4243 iterum
1142 4174 1428 4244 nubant
1459 4191 1718 4242 coram
1754 4175 2084 4259 parocho
2117 4172 2497 4259 catholicO,
2549 4176 2677 4242 aut
2722 4173 2910 4241 inter
2941 4191 3029 4241 se
3059 4177 3185 4242 aut

730 4298 904 4348 cum
959 4282 1319 4350 catholico
1374 4283 1727 4370 coniuge,
1783 4283 1923 4350 hoc
1984 4282 2407 4350 secundum
2472 4280 3036 4349 matrimonium
3088 4279 3181 4347 uti

731 4385 1059 4456 validum
1111 4406 1281 4459 esse
1327 4389 1917 4477 agnoscendum.
1968 4389 2256 4476 Operae
2303 4389 2622 4475 pretium
2671 4387 3024 4457 ducimus
3071 4388 3183 4456 de-

732 4494 961 4563 libare
1008 4495 1251 4585 aliqua
1303 4498 1398 4566 ad
1449 4498 1587 4566 has
1635 4498 2021 4584 opiniones
2054 4496 2487 4568 refutandas
2534 4515 2622 4566 ac
2669 4495 3176 4578 eliminandas²

731 4621 909 4671 nam
958 4605 1207 4673 omnia
1243 4605 1592 4692 persequi
1625 4623 1872 4692 neque
1903 4605 2135 4674 nostri
2177 4605 2475 4673 instituti
2524 4609 2656 4685 est,
2690 4621 2936 4691 neque
2980 4607 3175 4673 tuam
