3509 5317
1351 3 1358 8 -
2856 13 2860 15 .
2948 1 3203 36 ''-‘'‘'‘¹7‚
3258 33 3265 38 .

2512 49 2517 51 .
3193 1 3495 239 ,ξιξ-’.Ὗ

1210 169 1237 201 θ

659 660 759 750 git
805 659 1160 730 omnibus
1196 659 1484 730 vicariis
1531 676 1669 729 seu
1716 659 2088 748 deputatis
2140 679 2279 748 pro
2339 660 2866 730 examinandis
2938 659 3134 731 tosti·

661 770 805 839 bus
851 769 949 839 ad
996 769 1472 857 probandum
1521 772 1798 838 statum
1851 768 2164 838 liberum
2215 768 2817 838 contrahentium
2881 770 3134 838 matri·

662 876 1021 961 monium,
1067 892 1362 945 necnon
1413 874 1781 963 parochis,
1833 874 2135 944 notariis
2181 879 2251 944 et
2302 874 2916 963 quibuscumque
2959 874 3128 944 aliis

663 986 1095 1073 respective,
1143 984 1289 1054 sub
1337 984 1600 1072 poenis
1646 983 1871 1052 etiam
1918 982 2279 1069 gravibus
2349 984 2871 1069 corporalibus
2942 982 3135 1053 arbi-

661 1091 797 1161 trio
846 1092 918 1163 S.
967 1092 1063 1178 C.,
1116 1097 1196 1183 ut
1242 1091 1811 1161 Instructionem
1859 1087 2409 1178 infrascriptam
2453 1090 2552 1160 ad
2599 1085 2941 1179 ‘unguem
3005 1090 3134 1159 ob-

662 1208 983 1271 servent.
1037 1253 1052 1268 .
1102 1253 1116 1268 .
1170 1253 1185 1266 .
1344 1202 1351 1208 ’

1660 1413 2106 1483 ΙΝετιωοΤιο.

801 1632 858 1698 1.
909 1628 1284 1714 Imprimis
1332 1629 1536 1698 testis
1587 1634 1981 1698 moneatur
2029 1627 2123 1697 de
2182 1628 2539 1717 gravitate
2594 1627 3011 1713 iuramenti,
3045 1629 3118 1696 in

669 1737 810 1805 hoc
857 1736 1294 1824 praesertim
1343 1737 1640 1824 negotio
1688 1735 2275 1823 pertimescendi,
2325 1736 2398 1803 in
2432 1754 2584 1823 quo
2616 1737 2864 1806 divina
2899 1737 3124 1806 simul

666 1850 737 1915 et
784 1845 1115 1914 humana
1166 1844 1520 1913 maiestas
1566 1842 1882 1912 laeditur
1928 1843 2026 1912 ob
2074 1843 2175 1911 rei
2225 1845 2321 1912 de
2367 1863 2514 1931 qua
2576 1849 2935 1916 tractatur
3003 1845 3127 1913 im·
3498 1827 3500 1892 ⁸

665 1951 1114 2039 portantiam
1159 1955 1233 2020 et
1277 1950 1738 2038 gravitatem,
1804 1955 1877 2019 et
1942 1950 2146 2038 quod
2217 1951 2557 2023 imminet
2615 1972 2860 2042 poena
2930 1952 3128 2023 trire-

669 2060 902 2129 mium
953 2064 1025 2128 et
1067 2057 1558 2147 fustigationis
1606 2056 2001 2144 deponenti
2050 2057 2345 2129 falsum.

798 2172 863 2238 2.
916 2166 1412 2254 Interrogetur
1477 2164 1572 2234 de
1620 2165 1960 2251 nomine,
2011 2166 2494 2254 cognomine,
2546 2168 2815 2254 patria,
2867 2173 3124 2254 aetate,

668 2276 1016 2347 exercitio
1065 2279 1139 2344 et
1185 2273 1651 2343 habitatione.

799 2386 866 2453 3.
915 2386 1028 2451 An
1079 2381 1170 2451 sit
1215 2380 1397 2448 civis
1447 2379 1562 2449 vel
1612 2385 1941 2464 exterus,
1990 2386 2080 2465 et,
2131 2386 2506 2468 quatenus
2556 2384 2647 2450 sit
2699 2388 3029 2470 exterus,
3085 2403 3128 2453 a

669 2498 948 2581 quanto
1000 2502 1333 2577 tempore
1380 2493 1493 2557 est
1539 2489 1608 2556 in
1661 2488 1823 2557 loco
1874 2487 1944 2555 in
1994 2506 2145 2576 quo
2192 2488 2395 2558 testis
2443 2489 2603 2576 ipse
2649 2490 2970 2577 deponit.

800 2600 1027 2667 4.-An
1076 2597 1170 2665 ad
1222 2613 1545 2665 examen
1595 2596 1994 2666 accesserit
2050 2604 2337 2682 sponte,
2391 2594 2503 2665 vel
2568 2596 3008 2684 requisitus:
3066 2597 3131 2665 si

668 2707 936 2776 dixerit
981 2705 1399 2774 accessisse
1444 2714 1729 2790 sponte,
1781 2722 1821 2771 a
1872 2704 2171 2772 nemine
2208 2703 2664 2791 requisitum,
2698 2704 3128 2789 dimittatur,

667 2813 838 2900 quia
890 2811 1395 2897 praesumitur
1441 2808 1811 2878 mendax:
1868 2809 1927 2878 si
1983 2828 2159 2878 vero
2206 2809 2477 2879 dixerit
2536 2811 2949 2880 accessisse
3023 2831 3134 2880 re-

667 2919 1068 3008 quisitum,
1118 2920 1613 3005 interrogetur
1658 2937 1700 2986 a
1750 2935 1903 3004 quo
1953 2917 2068 2985 vel
2120 2937 2162 2987 a
2209 2917 2527 3005 quibus,
2579 2917 2736 3003 ubi,
2786 2920 3133 3007 quand0,

667 3027 1070 3114 quomod0‚
1117 3043 1375 3094 coram
1423 3024 1718 3112 quibus,
1759 3031 1830 3094 et
1861 3026 2150 3111 quoties
2195 3022 2413 3094 fuerit
2459 3026 2877 3112 requisituS,
2929 3032 3000 3095 et
3030 3045 3132 3095 an

668 3134 853 3203 sciat
919 3133 1190 3203 adesse
1249 3131 1548 3220 aliquod
1615 3132 2235 3220 impedimentum
2285 3133 2473 3201 inter
2520 3134 2962 3202 contrahere
3013 3152 3136 3203 vo-

674 3243 925 3312 lentes.

803 3352 866 3419 5.
917 3350 1434 3437 interrogetur,
1484 3368 1578 3418 an
1629 3348 1766 3441 sibi
1815 3367 1951 3435 pro
2001 3348 2143 3417 hoc
2193 3347 2610 3417 testimonio
2642 3346 2950 3416 ferendo
2984 3345 3140 3417 fue-

674 3456 763 3525 rit
805 3454 1078 3544 aliquid
1128 3455 1431 3540 datum,
1481 3455 1963 3542 promissum,
2037 3455 2442 3524 remissum
2513 3454 2631 3522 vel
2690 3453 3024 3523 ablatum
3082 3474 3130 3525 a

671 3564 1112 3633 contrahere
1161 3563 1595 3647 volentibus,
1648 3563 1762 3631 vel
1812 3562 1910 3631 ab
1954 3563 2098 3631 alio
2146 3563 2483 3649 ipsorum
2535 3562 2856 3632 nomine.

803 3671 868 3738 6.
919 3671 1437 3758 Interrogetur‚
1487 3689 1581 3739 an
1630 3676 2036 3759 cognoscat
2065 3670 2270 3757 ipsos
2300 3670 2740 3739 contrahere
2777 3669 3132 3755 volentes,

674 3783 744 3845 et
789 3794 836 3845 a
880 3785 1162 3865 quanto
1209 3783 1563 3863 ternpore,
1613 3778 1684 3845 in
1734 3795 1887 3864 quo
1936 3777 2118 3855 loco,
2168 3796 2316 3864 qua
2365 3777 2781 3861 occasione,
2816 3783 2886 3846 et
2916 3778 3135 3846 cuius

673 3883 1041 3971 qualitatis
1090 3884 1206 3951 vel
1253 3883 1690 3952 conditionis
1737 3884 2079 3954 existant.
2129 3884 2203 3954 Si
2252 3883 2723 3970 responderit
2770 3884 3133 3971 negative,

672 3993 875 4061 testis
918 3992 1355 4076 dimittatur3
1413 3992 1473 4060 si
1526 4011 1708 4060 vero
1759 3991 2237 4062 affirmative:

807 4103 869 4169 7.
922 4100 1445 4186 Interrogetur,
1495 4096 1588 4167 an
1639 4099 2081 4169 contrahere
2135 4099 2470 4168 volentes
2538 4099 2687 4167 sint
2752 4098 2961 4167 cives
3009 4097 3130 4167 vel

670 4209 922 4302 exteri.
973 4206 1046 4276 Si
1096 4206 1562 4292 responderit
1609 4224 1781 4274 esse
1828 4211 2147 4290 exteros
2195 4206 2780 4291 supersedeatur
2810 4205 2883 4272 in
2920 4204 3131 4274 licen-

669 4315 767 4383 tia
813 4312 1317 4398 contrahendi,
1368 4313 1608 4381 donec
1656 4332 1791 4400 per
1840 4314 2114 4383 litteras
2164 4313 2525 4383 Ordinarii
2575 4313 2914 4399 ipsorum
2965 4328 3139 4379 cou-

671 4422 965 4492 trahere
1016 4421 1419 4489 volentium
1467 4420 1828 4490 doceatur
1871 4420 1964 4490 de
2011 4402 2556 4490 eorum'libero
2603 4425 2823 4504 statu,
2886 4416 2981 4487 de
3044 4436 3136 4487 eo

672 4535 1008 4615 tempore
1056 4545 1208 4614 quo
1260 4533 1838 4614 permanserunt
1904 4529 1979 4595 in
2037 4546 2176 4597 sua
2246 4526 2534 4596 civitate
2605 4525 2722 4594 vel
2792 4524 3133 4595 dioecesi.

674 4636 788 4705 Ad
839 4633 1312 4722 probandum
1368 4651 1545 4702 vero
1593 4635 2034 4704 eorumdem
2086 4634 2528 4703 contrahere
2561 4631 2965 4701 volentium
2998 4635 3140 4701 sta·
