3509 5317
1766 491 2126 552 —420—

715 629 1414 718 interrogationibus
1459 629 1554 698 de
1599 629 1959 698 sententia
1993 647 2297 717 quoque
2345 626 2764 698 defensoris
2815 626 3197 697 matrimo-

716 720 834 826 nii,
884 744 955 808 et
986 736 1318 806 indicatis
1349 735 2032 805 examinandorum
2066 735 2521 821 nominibuS,
2560 735 2658 804 ad
2707 734 3197 804 Ordinarium

708 845 875 929 loci,
924 844 997 912 in
1046 863 1197 933 quo
1231 850 1814 929 commorantur,
1855 845 2195 929 mittatur,
2240 849 2319 913 ut
2351 842 2469 911 ille
2503 843 2670 912 sive
2717 859 2851 930 per
2898 860 3004 928 se,
3029 840 3198 912 sive

717 972 851 1041 per
897 971 1128 1022 suum
1176 952 1533 1021 vicarium
1584 950 2037 1038 generalem,
2085 952 2244 1020 sive
2285 970 2415 1036 per
2452 950 2694 1020 alium
2748 951 2996 1019 virum
3032 969 3203 1038 pro-

717 1060 900 1129 bum
950 1065 1021 1128 et
1068 1065 1485 1147 expertum,
1536 1077 1578 1127 e
1625 1058 1826 1126 clero
1875 1058 2328 1146 eligendum,
2394 1076 2529 1127 eos
2578 1057 2912 1127 examini
2968 1057 3197 1126 subii-

718 1170 861 1238 ciat
907 1169 1110 1238 iuxta
1158 1168 1374 1238 datas
1422 1167 2056 1256 interrogationes
2110 1166 2461 1254 requisito
2503 1166 2714 1252 prius
2771 1166 3199 1234 iuramento

722 1276 815 1346 de
864 1276 1167 1349 veritate
1212 1275 1544 1359 dicenda,
1595 1284 1666 1342 et
1709 1273 2022 1343 caeteris
2069 1274 2411 1361 servatiS,
2464 1292 2661 1361 quae
2708 1291 2949 1360 supra
2989 1291 3203 1361 prae-

722 1384 996 1470 scripta
1042 1388 1239 1453 sunt.

856 1490 929 1560 Si
981 1509 1158 1559 vero
1207 1489 1587 1577 contigerit
1632 1487 1958 1575 aliquem
2008 1488 2339 1557 examini
2383 1486 2939 1557 subiiciendum
2975 1506 3018 1556 e
3054 1489 3202 1556 vita

724 1598 1113 1688 migrasse,
1162 1599 1425 1667 mortis
1471 1597 2012 1669 documentum
2064 1596 2251 1666 inter
2295 1600 2460 1665 acta
2513 1600 3018 1665 recenseatur.

860 1710 964 1776 14.
1016 1706 1275 1788 Quoad
1324 1706 1661 1794 singulos
1725 1706 1794 1773 in
1855 1705 2207 1775 iudicium
2262 1709 2575 1774 vocatos
2629 1703 2746 1771 vel
2808 1703 3206 1772 vocandos

723 1819 1063 1885 actorum
1114 1813 1539 1884 moderator
1587 1814 1959 1898 inquirere
2008 1813 2305 1882 debebit
2354 1813 2802 1901 probitatem
2854 1816 2927 1880 et
2975 1810 3206 1881 credi-

728 1921 1096 2008 bilitatem,
1147 1929 1217 1990 et
1262 1920 1357 1991 ad
1407 1921 1550 1989 boc
1596 1921 1901 2008 curabit,
1952 1925 2034 1989 ut
2064 1921 2159 2024 ab
2206 1939 2476 1991 eorum
2514 1920 2887 2009 parochia
2922 1919 3040 1988 sin
3076 1919 3205 1988 mi-

727 2033 963 2099 nusa
1011 2028 1356 2115 personis
1407 2027 1552 2098 fide
1598 2028 1843 2116 dignis
1882 2027 2158 2097 litterae
2211 2027 2744 2097 testimoniales
2797 2027 3204 2098 exhibean-

727 2142 864 2221 tur,
915 2155 1110 2224 quae
1156 2136 1376 2204 etiam
1425 2136 1494 2202 in
1545 2134 1727 2204 actis
1776 2141 1998 2205 erunt
2046 2132 2510 2205 referendae.

863 2245 968 2311 15.
1019 2243 1213 2312 Inter
1244 2241 1809 2312 examinandos
1858 2243 2101 2329 primo
2153 2243 2312 2311 loco
2367 2245 2577 2312 venit
2624 2241 2766 2328 ille,
2815 2243 2944 2329 qui
2994 2260 3207 2311 accu-

730 2351 1095 2420 sationem
1121 2356 1377 2419 contra
1403 2350 1960 2420 matrimonium
2014 2351 2262 2419 movit.
2314 2350 2432 2418 Ab
2470 2351 2605 2419 isto
2644 2350 3201 2438 exquirendum

730 2458 884 2543 erit,
936 2464 1015 2527 ut
1046 2457 1245 2527 clare
1276 2457 1766 2545 distincteque
1798 2466 2129 2544 exponat
2161 2458 2673 2528 accusationis
2722 2457 3017 2526 titulum
3045 2477 3062 2543 ;
3113 2457 3205 2528 fa·

730 2574 846 2634 cla
893 2564 1144 2633 omnia
1192 2561 1502 2633 fideliter
1561 2571 1633 2633 et
1688 2564 2029 2652 religiose
2077 2571 2400 2650 enarret,
2474 2583 2896 2651 eorumque
2946 2566 3205 2652 proba·

730 2671 968 2740 tiones
1015 2670 1318 2757 afferat;
1391 2672 1986 2742 circumstantias
2043 2691 2312 2742 omnes
2385 2677 2457 2742 et
2520 2672 2784 2742 iudicia
2851 2680 3201 2761 exponat,

732 2784 929 2866 quae
978 2778 1088 2848 vel
1141 2799 1239 2849 ex
1301 2780 1594 2867 propria
1659 2780 1961 2850 scientia
2025 2780 2483 2869 cognoverit,
2540 2780 2660 2849 vel
2717 2800 2818 2850 ex
2883 2781 3202 2850 aliorum

732 2887 1085 2957 relatione
1130 2887 1489 2973 didicerit3
1540 2896 1612 2956 et
1656 2886 1979 2974 denique
2042 2889 2379 2957 nominet
2431 2894 2686 2972 testeS,
2737 2906 2937 2974 quos
2985 2888 3079 2957 de
3126 2907 3203 2957 re

733 2993 1133 3062 instructos
1181 2994 1492 3080 sciverit,
1538 2994 1652 3065 vel
1702 2995 1970 3064 saltem
2004 2997 2476 3082 reputaverit.

871 3105 976 3171 16.
1026 3103 1373 3172 Secundo
1425 3103 1585 3173 loco
1637 3104 1941 3173 veniunt
1987 3104 2346 3191 coniuges
2378 3104 2540 3190 ipsi,
2591 3105 2717 3191 qui
2782 3121 3092 3191 semper
3136 3107 3207 3171 et

734 3228 1081 3279 seorsum
1131 3209 1368 3279 audiri
1417 3210 1706 3297 debent,
1764 3220 1840 3279 ut
1891 3212 2415 3299 unusquisque
2469 3229 2606 3281 sua
2660 3212 2818 3281 iura
2870 3212 3088 3296 tueri,
3136 3216 3204 3280 et

738 3318 1079 3404 rationeS,
1130 3317 1632 3403 deductiones,
1681 3338 1771 3388 ac
1817 3316 2001 3389 facta
2069 3320 2285 3389 allata
2342 3329 2474 3389 aut
2537 3318 2861 3406 reiicere,
2912 3326 3041 3389 aut
3089 3338 3205 3389 ex·

740 3425 1012 3512 plicare
1058 3430 1300 3513 queat.
1350 3427 1728 3508 Quaelibet
1775 3446 1951 3513 pars
1999 3427 2326 3496 examini
2388 3427 2721 3496 subiecta
2774 3427 3045 3513 poterit
3094 3425 3202 3496 vel

737 3532 924 3601 illico
975 3538 1143 3620 post
1188 3552 1532 3618 examen,
1583 3534 1698 3602 vel
1748 3534 1971 3603 etiam
2018 3533 2397 3622 deinceps,
2448 3539 2856 3623 antequam
2918 3553 3207 3624 proces·

737 3660 874 3710 sus
920 3640 1328 3725 claudatur,
1380 3658 1817 3728 proponere,
1867 3642 1929 3710 si
1981 3641 2168 3726 velit,
2222 3642 2597 3727 articulos,
2651 3662 2885 3730 super
2933 3644 3203 3730 quibus

740 3748 921 3817 alter
967 3747 1244 3816 coniux
1291 3749 1383 3816 sit
1429 3748 2019 3828 examinandus;
2067 3755 2139 3818 et
2203 3754 2584 3836 quatenus
2652 3751 2876 3819 etiam
2924 3751 3024 3819 ab
3072 3751 3206 3819 hoc

740 3854 1022 3923 articuli
1072 3860 1602 3941 proponantur,
1652 3855 1805 3924 erit
1832 3855 2102 3924 iterum
2149 3857 2502 3925 citandus
2554 3857 2854 3942 coniux,
2903 3858 3033 3944 qui
3081 3857 3209 3944 pri-

743 3981 918 4030 mus
961 3959 1203 4030 fuerat
1250 3963 1744 4047 examinatuS,
1809 3972 1891 4033 ut
1934 3982 2166 4051 super
2212 3963 2542 4033 articulis
2604 3964 2700 4032 ab
2747 3963 2980 4033 altero
3032 3984 3207 4051 pro-

744 4068 1000 4154 positis
1045 4067 1408 4137 audiatur
1479 4068 1689 4138 quta
1737 4089 2057 4140 casuum
2113 4071 2637 4141 diversitatem
2669 4090 2711 4140 a
2765 4072 3207 4160 coniugibus

744 4174 1278 4261 inquirendum.
1321 4175 1471 4261 erit,
1525 4182 1601 4244 ut
1648 4177 1708 4245 si
1758 4196 1908 4265 qua
1955 4178 2411 4248 documenta
2463 4177 2791 4247 habeant
2835 4177 2930 4246 ad
2983 4195 3206 4247 suum

748 4281 1323 4368 matrimonium,
1377 4284 1489 4352 vel
1524 4282 1619 4352 ad
1653 4284 2126 4371 coniugalem
2159 4286 2352 4355 vitae
2390 4284 3023 4356 consuetudinem
3058 4302 3208 4370 spe·

745 4389 1035 4474 etantia,
1069 4407 1160 4456 ea
1191 4389 1607 4476 exhibeant,
1661 4393 1727 4458 in
1778 4399 1939 4461 acta
1976 4393 2456 4463 recensenda.
2523 4394 2732 4475 Quae
2764 4390 3204 4460 documenta

744 4499 1291 4583 cuiuscumque
1351 4498 1644 4585 generis
1701 4499 1862 4583 sint,
1914 4505 1984 4568 et
2045 4519 2090 4569 a
2145 4518 2643 4587 quocumque
2695 4497 3205 4580 exhibeantur,

745 4621 1048 4688 semper
1096 4609 1313 4672 erunt
1361 4604 1778 4691 recipienda
1804 4625 1822 4691 3
1858 4615 1930 4674 et
1959 4606 2451 4676 cancellarius
2500 4606 2873 4676 adnotare
2920 4603 3208 4675 debebit
