<?xml version="1.0" encoding="UTF-8"?>
<!DOCTYPE html PUBLIC "-//W3C//DTD XHTML 1.0 Transitional//EN"
    "http://www.w3.org/TR/xhtml1/DTD/xhtml1-transitional.dtd">
<html xmlns="http://www.w3.org/1999/xhtml" xml:lang="en" lang="en">
 <head>
  <title>
</title>
<meta http-equiv="Content-Type" content="text/html;charset=utf-8" />
  <meta name='ocr-system' content='tesseract 3.04.00' />
  <meta name='ocr-capabilities' content='ocr_page ocr_carea ocr_par ocr_line ocrx_word'/>
</head>
<body>
  <div class='ocr_page' id='page_1' title='image "./decausismatrimo00mansgoog_0180.png"; bbox 0 0 3509 5317; ppageno 0'>
   <div class='ocr_carea' id='block_1_1' title="bbox 1686 459 2159 520">
    <p class='ocr_par' dir='ltr' id='par_1_1' title="bbox 1686 459 2159 520">
     <span class='ocr_line' id='line_1_1' title="bbox 1686 459 2159 520; baseline -0.011 -15"><span class='ocrx_word' id='word_1_1' title='bbox 1686 459 2047 520; x_wconf 76' lang='grc'><strong>...166-</strong></span> <span class='ocrx_word' id='word_1_2' title='bbox 2138 486 2159 500; x_wconf 95' lang='grc'><strong>.</strong></span> 
     </span>
    </p>
   </div>
   <div class='ocr_carea' id='block_1_2' title="bbox 645 595 3113 794">
    <p class='ocr_par' dir='ltr' id='par_1_2' title="bbox 645 595 3113 794">
     <span class='ocr_line' id='line_1_2' title="bbox 773 595 3113 686; baseline 0 -18"><span class='ocrx_word' id='word_1_3' title='bbox 773 608 833 668; x_wconf 63' lang='lat' dir='ltr'><strong>T.</strong></span> <span class='ocrx_word' id='word_1_4' title='bbox 885 599 1410 686; x_wconf 84' lang='lat' dir='ltr'><strong>Expositarum</strong></span> <span class='ocrx_word' id='word_1_5' title='bbox 1460 598 1533 665; x_wconf 89' lang='lat' dir='ltr'><strong>vi</strong></span> <span class='ocrx_word' id='word_1_6' title='bbox 1580 595 2089 667; x_wconf 91' lang='lat' dir='ltr'><strong>conditionum</strong></span> <span class='ocrx_word' id='word_1_7' title='bbox 2154 597 2249 667; x_wconf 89' lang='lat' dir='ltr'><strong>ad</strong></span> <span class='ocrx_word' id='word_1_8' title='bbox 2320 597 2732 685; x_wconf 80' lang='lat' dir='ltr'>quamlibet</span> <span class='ocrx_word' id='word_1_9' title='bbox 2798 616 3113 668; x_wconf 85' lang='lat' dir='ltr'><strong>consue-</strong></span> 
     </span>
     <span class='ocr_line' id='line_1_3' title="bbox 645 703 3105 794; baseline 0.001 -22"><span class='ocrx_word' id='word_1_10' title='bbox 645 708 971 776; x_wconf 61' lang='lat' dir='ltr'><strong>tudinem</strong></span> <span class='ocrx_word' id='word_1_11' title='bbox 1005 705 1546 791; x_wconf 84' lang='lat' dir='ltr'><strong>sustinendam,</strong></span> <span class='ocrx_word' id='word_1_12' title='bbox 1581 704 1979 791; x_wconf 88' lang='lat' dir='ltr'><strong>requiritur</strong></span> <span class='ocrx_word' id='word_1_13' title='bbox 2010 704 2233 774; x_wconf 89' lang='lat' dir='ltr'><strong>etiam</strong></span> <span class='ocrx_word' id='word_1_14' title='bbox 2269 703 2648 794; x_wconf 75' lang='lat' dir='ltr'><strong>Principis</strong></span> <span class='ocrx_word' id='word_1_15' title='bbox 2678 724 3105 776; x_wconf 78' lang='lat' dir='ltr'><em>consensus.</em></span> 
     </span>
    </p>
   </div>
   <div class='ocr_carea' id='block_1_3' title="bbox 641 811 3116 904">
    <p class='ocr_par' dir='ltr' id='par_1_3' title="bbox 641 811 3116 904">
     <span class='ocr_line' id='line_1_4' title="bbox 641 811 3116 904; baseline 0.001 -24"><span class='ocrx_word' id='word_1_16' title='bbox 641 820 781 884; x_wconf 58' lang='lat' dir='ltr'><strong>Hm}</strong></span> <span class='ocrx_word' id='word_1_17' title='bbox 837 814 1184 904; x_wconf 66' lang='lat' dir='ltr'><strong>quisnam</strong></span> <span class='ocrx_word' id='word_1_18' title='bbox 1231 830 1403 883; x_wconf 90' lang='lat' dir='ltr'><strong>esse</strong></span> <span class='ocrx_word' id='word_1_19' title='bbox 1449 811 1670 882; x_wconf 90' lang='lat' dir='ltr'><strong>debet</strong></span> <span class='ocrx_word' id='word_1_20' title='bbox 1700 811 2068 882; x_wconf 89' lang='lat' dir='ltr'><strong>eiusmodi</strong></span> <span class='ocrx_word' id='word_1_21' title='bbox 2104 815 2573 882; x_wconf 65' lang='lat' dir='ltr'><strong>consensus?</strong></span> <span class='ocrx_word' id='word_1_22' title='bbox 2623 813 2927 884; x_wconf 90' lang='lat' dir='ltr'><strong>Certum</strong></span> <span class='ocrx_word' id='word_1_23' title='bbox 2961 815 3116 902; x_wconf 88' lang='lat' dir='ltr'><strong>qui·</strong></span> 
     </span>
    </p>
   </div>
   <div class='ocr_carea' id='block_1_4' title="bbox 641 917 3113 1223">
    <p class='ocr_par' dir='ltr' id='par_1_4' title="bbox 641 917 3113 1223">
     <span class='ocr_line' id='line_1_5' title="bbox 641 917 3113 1008; baseline 0.002 -24"><span class='ocrx_word' id='word_1_24' title='bbox 641 924 809 992; x_wconf 60' lang='lat' dir='ltr'><strong>*inni</strong></span> <span class='ocrx_word' id='word_1_25' title='bbox 861 926 990 1008; x_wconf 73' lang='lat' dir='ltr'><strong>est,</strong></span> <span class='ocrx_word' id='word_1_26' title='bbox 1040 939 1189 989; x_wconf 90' lang='lat' dir='ltr'><strong>non</strong></span> <span class='ocrx_word' id='word_1_27' title='bbox 1241 919 1513 1008; x_wconf 88' lang='lat' dir='ltr'><strong>requiri</strong></span> <span class='ocrx_word' id='word_1_28' title='bbox 1554 917 2032 1006; x_wconf 80' lang='lat' dir='ltr'>personalem</span> <span class='ocrx_word' id='word_1_29' title='bbox 2071 923 2143 987; x_wconf 94' lang='lat' dir='ltr'><strong>et</strong></span> <span class='ocrx_word' id='word_1_30' title='bbox 2184 919 2710 1006; x_wconf 78' lang='lat' dir='ltr'><strong>particularem</strong></span> <span class='ocrx_word' id='word_1_31' title='bbox 2745 920 3113 1007; x_wconf 84' lang='lat' dir='ltr'><strong>Principis</strong></span> 
     </span>
     <span class='ocr_line' id='line_1_6' title="bbox 645 1023 3112 1116; baseline -0 -20"><span class='ocrx_word' id='word_1_32' title='bbox 645 1047 1120 1113; x_wconf 49' lang='lat' dir='ltr'><strong>rcinsensum,</strong></span> <span class='ocrx_word' id='word_1_33' title='bbox 1167 1027 1304 1096; x_wconf 89' lang='lat' dir='ltr'><strong>sed</strong></span> <span class='ocrx_word' id='word_1_34' title='bbox 1351 1027 1698 1097; x_wconf 85' lang='lat' dir='ltr'><strong>sufficere</strong></span> <span class='ocrx_word' id='word_1_35' title='bbox 1740 1023 2170 1116; x_wconf 56' lang='lat' dir='ltr'><strong>,gener-alem</strong></span> <span class='ocrx_word' id='word_1_36' title='bbox 2216 1031 2291 1096; x_wconf 91' lang='lat' dir='ltr'><strong>et</strong></span> <span class='ocrx_word' id='word_1_37' title='bbox 2336 1025 2646 1114; x_wconf 70' lang='lat' dir='ltr'><strong>legyalem</strong></span> <span class='ocrx_word' id='word_1_38' title='bbox 2707 1025 3112 1098; x_wconf 71' lang='lat' dir='ltr'><strong>iuridicum</strong></span> 
     </span>
     <span class='ocr_line' id='line_1_7' title="bbox 641 1134 3110 1223; baseline 0.002 -23"><span class='ocrx_word' id='word_1_39' title='bbox 641 1154 1107 1220; x_wconf 55' lang='lat' dir='ltr'><strong>s·=s··ss.=.2=s·÷nsum,</strong></span> <span class='ocrx_word' id='word_1_40' title='bbox 1163 1135 1289 1223; x_wconf 86' lang='lat' dir='ltr'><strong>qui</strong></span> <span class='ocrx_word' id='word_1_41' title='bbox 1338 1153 1470 1221; x_wconf 91' lang='lat' dir='ltr'><strong>per</strong></span> <span class='ocrx_word' id='word_1_42' title='bbox 1532 1135 1781 1220; x_wconf 90' lang='lat' dir='ltr'><strong>ipsum</strong></span> <span class='ocrx_word' id='word_1_43' title='bbox 1846 1135 1962 1204; x_wconf 93' lang='lat' dir='ltr'><strong>ius</strong></span> <span class='ocrx_word' id='word_1_44' title='bbox 2025 1134 2391 1222; x_wconf 88' lang='lat' dir='ltr'><strong>scriptum</strong></span> <span class='ocrx_word' id='word_1_45' title='bbox 2458 1137 2764 1223; x_wconf 88' lang='lat' dir='ltr'><strong>iamque</strong></span> <span class='ocrx_word' id='word_1_46' title='bbox 2832 1135 3019 1206; x_wconf 90' lang='lat' dir='ltr'><strong>alias</strong></span> <span class='ocrx_word' id='word_1_47' title='bbox 3065 1156 3110 1206; x_wconf 93' lang='lat' dir='ltr'><strong>a</strong></span> 
     </span>
    </p>
   </div>
   <div class='ocr_carea' id='block_1_5' title="bbox 649 1242 3117 1329">
    <p class='ocr_par' dir='ltr' id='par_1_5' title="bbox 649 1242 3117 1329">
     <span class='ocr_line' id='line_1_8' title="bbox 649 1242 3117 1329; baseline 0.001 -21"><span class='ocrx_word' id='word_1_48' title='bbox 649 1244 979 1328; x_wconf 55' lang='lat' dir='ltr'><strong>Principe</strong></span> <span class='ocrx_word' id='word_1_49' title='bbox 1026 1243 1283 1311; x_wconf 89' lang='lat' dir='ltr'><strong>eiusve</strong></span> <span class='ocrx_word' id='word_1_50' title='bbox 1329 1242 1856 1310; x_wconf 88' lang='lat' dir='ltr'><strong>decessoribus</strong></span> <span class='ocrx_word' id='word_1_51' title='bbox 1902 1242 2306 1328; x_wconf 88' lang='lat' dir='ltr'><strong>conditum,</strong></span> <span class='ocrx_word' id='word_1_52' title='bbox 2356 1242 2577 1311; x_wconf 90' lang='lat' dir='ltr'><strong>datus</strong></span> <span class='ocrx_word' id='word_1_53' title='bbox 2624 1242 2770 1311; x_wconf 85' lang='lat' dir='ltr'><strong>hoc</strong></span> <span class='ocrx_word' id='word_1_54' title='bbox 2816 1242 2984 1329; x_wconf 87' lang='lat' dir='ltr'><strong>ipso</strong></span> <span class='ocrx_word' id='word_1_55' title='bbox 3015 1243 3117 1310; x_wconf 92' lang='lat' dir='ltr'><strong>in-</strong></span> 
     </span>
    </p>
   </div>
   <div class='ocr_carea' id='block_1_6' title="bbox 645 1347 3115 2296">
    <p class='ocr_par' dir='ltr' id='par_1_6' title="bbox 645 1347 3115 2296">
     <span class='ocr_line' id='line_1_9' title="bbox 645 1347 3115 1436; baseline 0 -20"><span class='ocrx_word' id='word_1_56' title='bbox 645 1352 999 1435; x_wconf 54' lang='lat' dir='ltr'><strong>iminuitur,</strong></span> <span class='ocrx_word' id='word_1_57' title='bbox 1050 1348 1252 1436; x_wconf 88' lang='lat' dir='ltr'><strong>quod</strong></span> <span class='ocrx_word' id='word_1_58' title='bbox 1302 1347 1577 1421; x_wconf 81' lang='lat' dir='ltr'><strong>scilicet</strong></span> <span class='ocrx_word' id='word_1_59' title='bbox 1620 1367 1664 1418; x_wconf 92' lang='lat' dir='ltr'><strong>a</strong></span> <span class='ocrx_word' id='word_1_60' title='bbox 1712 1350 2099 1418; x_wconf 90' lang='lat' dir='ltr'><strong>communi</strong></span> <span class='ocrx_word' id='word_1_61' title='bbox 2148 1349 2310 1418; x_wconf 92' lang='lat' dir='ltr'><strong>iure</strong></span> <span class='ocrx_word' id='word_1_62' title='bbox 2358 1353 2720 1418; x_wconf 89' lang='lat' dir='ltr'><strong>statutum</strong></span> <span class='ocrx_word' id='word_1_63' title='bbox 2768 1349 2879 1434; x_wconf 90' lang='lat' dir='ltr'><strong>sit,</strong></span> <span class='ocrx_word' id='word_1_64' title='bbox 2944 1366 3115 1418; x_wconf 90' lang='lat' dir='ltr'><strong>con-</strong></span> 
     </span>
     <span class='ocr_line' id='line_1_10' title="bbox 645 1456 3112 1544; baseline 0 -20"><span class='ocrx_word' id='word_1_65' title='bbox 645 1456 1114 1526; x_wconf 60' lang='lat' dir='ltr'><strong>snwnidinem</strong></span> <span class='ocrx_word' id='word_1_66' title='bbox 1180 1456 1634 1544; x_wconf 87' lang='lat' dir='ltr'><strong>quibusdam</strong></span> <span class='ocrx_word' id='word_1_67' title='bbox 1705 1458 2006 1526; x_wconf 88' lang='lat' dir='ltr'><strong>sancitis</strong></span> <span class='ocrx_word' id='word_1_68' title='bbox 2077 1457 2491 1544; x_wconf 77' lang='lat' dir='ltr'>praeditam</span> <span class='ocrx_word' id='word_1_69' title='bbox 2560 1457 3112 1527; x_wconf 88' lang='lat' dir='ltr'><strong>conditionibus</strong></span> 
     </span>
     <span class='ocr_line' id='line_1_11' title="bbox 649 1564 3111 1652; baseline 0.001 -24"><span class='ocrx_word' id='word_1_70' title='bbox 649 1568 967 1652; x_wconf 48' lang='lat' dir='ltr'><strong>validam</strong></span> <span class='ocrx_word' id='word_1_71' title='bbox 1016 1583 1206 1652; x_wconf 91' lang='lat' dir='ltr'><strong>esse,</strong></span> <span class='ocrx_word' id='word_1_72' title='bbox 1256 1569 1326 1634; x_wconf 91' lang='lat' dir='ltr'><strong>et</strong></span> <span class='ocrx_word' id='word_1_73' title='bbox 1388 1566 1747 1634; x_wconf 90' lang='lat' dir='ltr'><strong>rationem</strong></span> <span class='ocrx_word' id='word_1_74' title='bbox 1824 1564 2008 1649; x_wconf 85' lang='lat' dir='ltr'><strong>legis</strong></span> <span class='ocrx_word' id='word_1_75' title='bbox 2072 1565 2372 1650; x_wconf 88' lang='lat' dir='ltr'><strong>habere,</strong></span> <span class='ocrx_word' id='word_1_76' title='bbox 2445 1569 2517 1633; x_wconf 89' lang='lat' dir='ltr'><strong>et</strong></span> <span class='ocrx_word' id='word_1_77' title='bbox 2586 1567 2686 1633; x_wconf 82' lang='lat' dir='ltr'><strong>uti</strong></span> <span class='ocrx_word' id='word_1_78' title='bbox 2765 1564 2993 1634; x_wconf 90' lang='lat' dir='ltr'><strong>talem</strong></span> <span class='ocrx_word' id='word_1_79' title='bbox 3041 1564 3111 1632; x_wconf 91' lang='lat' dir='ltr'><strong>vi</strong></span> 
     </span>
     <span class='ocr_line' id='line_1_12' title="bbox 649 1671 3114 1761; baseline 0.002 -29"><span class='ocrx_word' id='word_1_80' title='bbox 649 1676 923 1756; x_wconf 52' lang='lat' dir='ltr'><strong>wilere</strong></span> <span class='ocrx_word' id='word_1_81' title='bbox 970 1672 1215 1760; x_wconf 84' lang='lat' dir='ltr'><strong>legem</strong></span> <span class='ocrx_word' id='word_1_82' title='bbox 1261 1672 1448 1741; x_wconf 88' lang='lat' dir='ltr'><strong>alias</strong></span> <span class='ocrx_word' id='word_1_83' title='bbox 1493 1673 1967 1742; x_wconf 79' lang='lat' dir='ltr'><strong>constitutam</strong></span> <span class='ocrx_word' id='word_1_84' title='bbox 2023 1671 2439 1761; x_wconf 77' lang='lat' dir='ltr'>abrogandi</span> <span class='ocrx_word' id='word_1_85' title='bbox 2497 1676 2626 1741; x_wconf 90' lang='lat' dir='ltr'><strong>aut</strong></span> <span class='ocrx_word' id='word_1_86' title='bbox 2686 1690 2969 1741; x_wconf 89' lang='lat' dir='ltr'><strong>novam</strong></span> <span class='ocrx_word' id='word_1_87' title='bbox 3014 1672 3114 1739; x_wconf 90' lang='lat' dir='ltr'><strong>in-</strong></span> 
     </span>
     <span class='ocr_line' id='line_1_13' title="bbox 645 1778 3112 1867; baseline 0.001 -23"><span class='ocrx_word' id='word_1_88' title='bbox 645 1780 960 1848; x_wconf 53' lang='lat' dir='ltr'><strong>dui-endi</strong></span> <span class='ocrx_word' id='word_1_89' title='bbox 998 1778 1041 1846; x_wconf 82' lang='lat'><strong>¹.</strong></span> <span class='ocrx_word' id='word_1_90' title='bbox 1105 1781 1317 1848; x_wconf 82' lang='lat' dir='ltr'><strong>Tunc</strong></span> <span class='ocrx_word' id='word_1_91' title='bbox 1385 1780 1585 1850; x_wconf 92' lang='lat' dir='ltr'><strong>enim</strong></span> <span class='ocrx_word' id='word_1_92' title='bbox 1655 1779 2023 1849; x_wconf 84' lang='lat' dir='ltr'><strong>consentit</strong></span> <span class='ocrx_word' id='word_1_93' title='bbox 2092 1781 2301 1867; x_wconf 85' lang='lat' dir='ltr'><strong>Papa</strong></span> <span class='ocrx_word' id='word_1_94' title='bbox 2351 1778 2471 1849; x_wconf 88' lang='lat' dir='ltr'><strong>vel</strong></span> <span class='ocrx_word' id='word_1_95' title='bbox 2541 1780 2901 1865; x_wconf 78' lang='lat' dir='ltr'><strong>Princeps</strong></span> <span class='ocrx_word' id='word_1_96' title='bbox 2970 1778 3112 1847; x_wconf 86' lang='lat' dir='ltr'><strong>hoc</strong></span> 
     </span>
     <span class='ocr_line' id='line_1_14' title="bbox 649 1886 3113 1974; baseline 0.002 -22"><span class='ocrx_word' id='word_1_97' title='bbox 649 1892 805 1972; x_wconf 53' lang='lat' dir='ltr'><strong>ipram</strong></span> <span class='ocrx_word' id='word_1_98' title='bbox 861 1888 928 1954; x_wconf 83' lang='lat' dir='ltr'><strong>in</strong></span> <span class='ocrx_word' id='word_1_99' title='bbox 977 1905 1242 1957; x_wconf 89' lang='lat' dir='ltr'><strong>omnes</strong></span> <span class='ocrx_word' id='word_1_100' title='bbox 1313 1886 1797 1974; x_wconf 77' lang='lat' dir='ltr'><strong>particulares</strong></span> <span class='ocrx_word' id='word_1_101' title='bbox 1862 1887 2450 1956; x_wconf 89' lang='lat' dir='ltr'><strong>consuetudines</strong></span> <span class='ocrx_word' id='word_1_102' title='bbox 2520 1887 2842 1972; x_wconf 81' lang='lat' dir='ltr'><strong>legitime</strong></span> <span class='ocrx_word' id='word_1_103' title='bbox 2907 1886 3113 1956; x_wconf 90' lang='lat' dir='ltr'><strong>indu-</strong></span> 
     </span>
     <span class='ocr_line' id='line_1_15' title="bbox 645 1993 3110 2083; baseline 0 -23"><span class='ocrx_word' id='word_1_104' title='bbox 645 2004 821 2064; x_wconf 52' lang='lat' dir='ltr'><strong>vias.</strong></span> <span class='ocrx_word' id='word_1_105' title='bbox 873 1996 1221 2082; x_wconf 72' lang='lat' dir='ltr'><strong>quamvis</strong></span> <span class='ocrx_word' id='word_1_106' title='bbox 1274 1995 1392 2063; x_wconf 90' lang='lat' dir='ltr'><strong>hic</strong></span> <span class='ocrx_word' id='word_1_107' title='bbox 1461 2000 1532 2064; x_wconf 90' lang='lat' dir='ltr'><strong>et</strong></span> <span class='ocrx_word' id='word_1_108' title='bbox 1593 2013 1797 2064; x_wconf 87' lang='lat' dir='ltr'><strong>nunc</strong></span> <span class='ocrx_word' id='word_1_109' title='bbox 1857 2012 1989 2064; x_wconf 90' lang='lat' dir='ltr'><strong>eas</strong></span> <span class='ocrx_word' id='word_1_110' title='bbox 2059 1995 2368 2083; x_wconf 81' lang='lat' dir='ltr'><strong>ignoret.</strong></span> <span class='ocrx_word' id='word_1_111' title='bbox 2426 2031 2470 2043; x_wconf 93' lang='lat'>-</span> <span class='ocrx_word' id='word_1_112' title='bbox 2517 1993 2708 2063; x_wconf 90' lang='lat' dir='ltr'><strong>Hinc</strong></span> <span class='ocrx_word' id='word_1_113' title='bbox 2771 1994 3110 2063; x_wconf 89' lang='lat' dir='ltr'><strong>Sanchez</strong></span> 
     </span>
     <span class='ocr_line' id='line_1_16' title="bbox 645 2100 3113 2187; baseline 0.002 -24"><span class='ocrx_word' id='word_1_114' title='bbox 645 2124 817 2168; x_wconf 61' lang='lat' dir='ltr'><strong>vum</strong></span> <span class='ocrx_word' id='word_1_115' title='bbox 869 2102 1026 2170; x_wconf 70' lang='lat' dir='ltr'><strong>aliis</strong></span> <span class='ocrx_word' id='word_1_116' title='bbox 1073 2103 1510 2172; x_wconf 89' lang='lat' dir='ltr'><strong>Doctoribus</strong></span> <span class='ocrx_word' id='word_1_117' title='bbox 1557 2103 1792 2187; x_wconf 91' lang='lat' dir='ltr'><strong>docet,</strong></span> <span class='ocrx_word' id='word_1_118' title='bbox 1841 2100 2477 2171; x_wconf 90' lang='lat' dir='ltr'><strong>consuetudinem</strong></span> <span class='ocrx_word' id='word_1_119' title='bbox 2545 2100 2806 2170; x_wconf 91' lang='lat' dir='ltr'><strong>rationi</strong></span> <span class='ocrx_word' id='word_1_120' title='bbox 2854 2119 3113 2170; x_wconf 89' lang='lat' dir='ltr'><strong>conso-</strong></span> 
     </span>
     <span class='ocr_line' id='line_1_17' title="bbox 649 2208 3110 2296; baseline -0 -20"><span class='ocrx_word' id='word_1_121' title='bbox 649 2232 817 2276; x_wconf 70' lang='lat' dir='ltr'><strong>num</strong></span> <span class='ocrx_word' id='word_1_122' title='bbox 877 2215 942 2278; x_wconf 76' lang='lat' dir='ltr'><strong>et</strong></span> <span class='ocrx_word' id='word_1_123' title='bbox 993 2209 1309 2296; x_wconf 83' lang='lat' dir='ltr'><strong>legitime</strong></span> <span class='ocrx_word' id='word_1_124' title='bbox 1358 2209 1895 2296; x_wconf 88' lang='lat' dir='ltr'><strong>praescriptam</strong></span> <span class='ocrx_word' id='word_1_125' title='bbox 1946 2209 2143 2277; x_wconf 87' lang='lat' dir='ltr'><strong>vires</strong></span> <span class='ocrx_word' id='word_1_126' title='bbox 2191 2209 2473 2278; x_wconf 88' lang='lat' dir='ltr'><strong>habere</strong></span> <span class='ocrx_word' id='word_1_127' title='bbox 2517 2217 2676 2276; x_wconf 91' lang='lat' dir='ltr'><strong>tum</strong></span> <span class='ocrx_word' id='word_1_128' title='bbox 2710 2208 3110 2278; x_wconf 90' lang='lat' dir='ltr'><strong>inducendi</strong></span> 
     </span>
    </p>
   </div>
   <div class='ocr_carea' id='block_1_7' title="bbox 649 2314 3171 2522">
    <p class='ocr_par' dir='ltr' id='par_1_7' title="bbox 649 2314 3171 2522">
     <span class='ocr_line' id='line_1_18' title="bbox 650 2314 3115 2403; baseline 0.001 -23"><span class='ocrx_word' id='word_1_129' title='bbox 650 2334 929 2382; x_wconf 11' lang='lat' dir='ltr'><strong>nme-ann</strong></span> <span class='ocrx_word' id='word_1_130' title='bbox 979 2315 1334 2385; x_wconf 88' lang='lat' dir='ltr'><strong>dirimens</strong></span> <span class='ocrx_word' id='word_1_131' title='bbox 1381 2315 1854 2386; x_wconf 80' lang='lat' dir='ltr'><strong>ecclesiastici</strong></span> <span class='ocrx_word' id='word_1_132' title='bbox 1903 2316 2085 2384; x_wconf 90' lang='lat' dir='ltr'><strong>iuris</strong></span> <span class='ocrx_word' id='word_1_133' title='bbox 2116 2315 2760 2403; x_wconf 87' lang='lat' dir='ltr'><strong>impedimentum,</strong></span> <span class='ocrx_word' id='word_1_134' title='bbox 2799 2321 2961 2382; x_wconf 91' lang='lat' dir='ltr'><strong>tum</strong></span> <span class='ocrx_word' id='word_1_135' title='bbox 2996 2314 3115 2384; x_wconf 90' lang='lat' dir='ltr'><strong>ali-</strong></span> 
     </span>
     <span class='ocr_line' id='line_1_19' title="bbox 649 2422 3171 2522; baseline 0.001 -34"><span class='ocrx_word' id='word_1_136' title='bbox 649 2424 842 2508; x_wconf 51' lang='lat' dir='ltr'><strong>qnasi</strong></span> <span class='ocrx_word' id='word_1_137' title='bbox 901 2424 1042 2493; x_wconf 85' lang='lat' dir='ltr'><strong>iam</strong></span> <span class='ocrx_word' id='word_1_138' title='bbox 1091 2428 1446 2492; x_wconf 86' lang='lat' dir='ltr'><strong>statutum</strong></span> <span class='ocrx_word' id='word_1_139' title='bbox 1495 2422 1862 2508; x_wconf 89' lang='lat' dir='ltr'><strong>abolendi,</strong></span> <span class='ocrx_word' id='word_1_140' title='bbox 1911 2443 2049 2493; x_wconf 89' lang='lat' dir='ltr'><strong>seu</strong></span> <span class='ocrx_word' id='word_1_141' title='bbox 2101 2423 2514 2511; x_wconf 82' lang='lat' dir='ltr'><strong>derogandi</strong></span> <span class='ocrx_word' id='word_1_142' title='bbox 2564 2422 3111 2492; x_wconf 86' lang='lat' dir='ltr'><strong>ecclesiasticae</strong></span> <span class='ocrx_word' id='word_1_143' title='bbox 3165 2518 3171 2522; x_wconf 20' lang='grc' dir='ltr'><em>Π</em></span> 
     </span>
    </p>
   </div>
   <div class='ocr_carea' id='block_1_8' title="bbox 645 2530 3111 3370">
    <p class='ocr_par' dir='ltr' id='par_1_8' title="bbox 653 2530 1489 2620">
     <span class='ocr_line' id='line_1_20' title="bbox 653 2530 1489 2620; baseline 0.004 -24"><span class='ocrx_word' id='word_1_144' title='bbox 653 2532 781 2620; x_wconf 60' lang='lat' dir='ltr'><strong>legi</strong></span> <span class='ocrx_word' id='word_1_145' title='bbox 838 2532 1009 2600; x_wconf 82' lang='lat' dir='ltr'><strong>illud</strong></span> <span class='ocrx_word' id='word_1_146' title='bbox 1063 2532 1407 2601; x_wconf 89' lang='lat' dir='ltr'><strong>statuenti</strong></span> <span class='ocrx_word' id='word_1_147' title='bbox 1442 2530 1489 2599; x_wconf 85' lang='lat'><strong>².</strong></span> 
     </span>
    </p>

    <p class='ocr_par' dir='ltr' id='par_1_9' title="bbox 645 2635 3109 3049">
     <span class='ocr_line' id='line_1_21' title="bbox 785 2635 3109 2726; baseline 0.001 -22"><span class='ocrx_word' id='word_1_148' title='bbox 785 2640 1010 2707; x_wconf 59' lang='lat' dir='ltr'><strong>l&#39;sirro</strong></span> <span class='ocrx_word' id='word_1_149' title='bbox 1058 2638 1430 2724; x_wconf 80' lang='lat' dir='ltr'><strong>quaelibet</strong></span> <span class='ocrx_word' id='word_1_150' title='bbox 1473 2637 1940 2708; x_wconf 87' lang='lat' dir='ltr'><strong>consuetudo</strong></span> <span class='ocrx_word' id='word_1_151' title='bbox 1987 2637 2399 2708; x_wconf 76' lang='lat' dir='ltr'><strong>cessatione</strong></span> <span class='ocrx_word' id='word_1_152' title='bbox 2449 2638 2567 2707; x_wconf 87' lang='lat' dir='ltr'><strong>vel</strong></span> <span class='ocrx_word' id='word_1_153' title='bbox 2619 2635 3109 2726; x_wconf 70' lang='lat' dir='ltr'><strong>abroyatione</strong></span> 
     </span>
     <span class='ocr_line' id='line_1_22' title="bbox 645 2743 3105 2834; baseline 0.004 -30"><span class='ocrx_word' id='word_1_154' title='bbox 645 2744 1038 2828; x_wconf 50' lang='lat' dir='ltr'><strong>manescit,</strong></span> <span class='ocrx_word' id='word_1_155' title='bbox 1088 2745 1290 2833; x_wconf 88' lang='lat' dir='ltr'><strong>quod</strong></span> <span class='ocrx_word' id='word_1_156' title='bbox 1340 2745 1459 2814; x_wconf 90' lang='lat' dir='ltr'><strong>vel</strong></span> <span class='ocrx_word' id='word_1_157' title='bbox 1506 2744 1660 2834; x_wconf 70' lang='lat' dir='ltr'><strong>leye</strong></span> <span class='ocrx_word' id='word_1_158' title='bbox 1733 2744 1850 2816; x_wconf 87' lang='lat' dir='ltr'><strong>vel</strong></span> <span class='ocrx_word' id='word_1_159' title='bbox 1919 2743 2073 2814; x_wconf 80' lang='lat' dir='ltr'><strong>alia</strong></span> <span class='ocrx_word' id='word_1_160' title='bbox 2145 2743 2674 2813; x_wconf 74' lang='lat' dir='ltr'><strong>consuetudine</strong></span> <span class='ocrx_word' id='word_1_161' title='bbox 2733 2744 3105 2814; x_wconf 87' lang='lat' dir='ltr'><strong>contraria</strong></span> 
     </span>
     <span class='ocr_line' id='line_1_23' title="bbox 649 2850 3109 2936; baseline 0.001 -20"><span class='ocrx_word' id='word_1_162' title='bbox 649 2856 737 2916; x_wconf 64' lang='lat' dir='ltr'><strong>fi:</strong></span> <span class='ocrx_word' id='word_1_163' title='bbox 725 2856 797 2916; x_wconf 72' lang='lat' dir='ltr'><strong>ni</strong></span> <span class='ocrx_word' id='word_1_164' title='bbox 853 2858 1111 2936; x_wconf 75' lang='lat' dir='ltr'><strong>potest.</strong></span> <span class='ocrx_word' id='word_1_165' title='bbox 1161 2855 1503 2934; x_wconf 89' lang='lat' dir='ltr'><strong>Quanam</strong></span> <span class='ocrx_word' id='word_1_166' title='bbox 1557 2871 1736 2921; x_wconf 91' lang='lat' dir='ltr'><strong>vero</strong></span> <span class='ocrx_word' id='word_1_167' title='bbox 1787 2852 2088 2923; x_wconf 91' lang='lat' dir='ltr'><strong>ratione</strong></span> <span class='ocrx_word' id='word_1_168' title='bbox 2106 2852 2220 2920; x_wconf 87' lang='lat' dir='ltr'><strong>vel</strong></span> <span class='ocrx_word' id='word_1_169' title='bbox 2257 2851 2805 2921; x_wconf 90' lang='lat' dir='ltr'><strong>conditionibus</strong></span> <span class='ocrx_word' id='word_1_170' title='bbox 2836 2851 2911 2920; x_wconf 87' lang='lat' dir='ltr'><strong>id</strong></span> <span class='ocrx_word' id='word_1_171' title='bbox 2945 2850 3109 2921; x_wconf 86' lang='lat' dir='ltr'><strong>fieri</strong></span> 
     </span>
     <span class='ocr_line' id='line_1_24' title="bbox 645 2957 2428 3049; baseline 0.001 -21.016"><span class='ocrx_word' id='word_1_172' title='bbox 645 2964 757 3028; x_wconf 78' lang='lat' dir='ltr'><strong>·l...··.l</strong></span> <span class='ocrx_word' id='word_1_173' title='bbox 777 2968 909 3028; x_wconf 63' lang='lat' dir='ltr'><strong>wat</strong></span> <span class='ocrx_word' id='word_1_174' title='bbox 958 2961 1354 3048; x_wconf 81' lang='lat' dir='ltr'><strong>iurisperiti</strong></span> <span class='ocrx_word' id='word_1_175' title='bbox 1401 2960 1565 3031; x_wconf 89' lang='lat' dir='ltr'><strong>fuse</strong></span> <span class='ocrx_word' id='word_1_176' title='bbox 1617 2960 1910 3049; x_wconf 84' lang='lat' dir='ltr'><strong>lateque</strong></span> <span class='ocrx_word' id='word_1_177' title='bbox 1958 2961 2428 3047; x_wconf 88' lang='lat' dir='ltr'><strong>disputant.</strong></span> <span class='ocrx_word' id='word_1_178' title='bbox 2381 2957 2405 2993; x_wconf 87' lang='lat'>⁸</span> 
     </span>
    </p>

    <p class='ocr_par' dir='ltr' id='par_1_10' title="bbox 649 3065 3111 3370">
     <span class='ocr_line' id='line_1_25' title="bbox 781 3065 3110 3155; baseline 0 -18"><span class='ocrx_word' id='word_1_179' title='bbox 781 3084 837 3132; x_wconf 39' lang='grc' dir='ltr'><strong>κ’.</strong></span> <span class='ocrx_word' id='word_1_180' title='bbox 897 3071 1094 3139; x_wconf 90' lang='lat' dir='ltr'><strong>Haec</strong></span> <span class='ocrx_word' id='word_1_181' title='bbox 1138 3069 1330 3139; x_wconf 83' lang='lat' dir='ltr'><strong>dicta</strong></span> <span class='ocrx_word' id='word_1_182' title='bbox 1375 3070 1521 3138; x_wconf 89' lang='lat' dir='ltr'><strong>sint</strong></span> <span class='ocrx_word' id='word_1_183' title='bbox 1568 3069 1663 3138; x_wconf 87' lang='lat' dir='ltr'><strong>ad</strong></span> <span class='ocrx_word' id='word_1_184' title='bbox 1735 3068 2314 3155; x_wconf 89' lang='lat' dir='ltr'><strong>ostendendum,</strong></span> <span class='ocrx_word' id='word_1_185' title='bbox 2387 3065 2786 3137; x_wconf 74' lang='lat' dir='ltr'><strong>ordinarza</strong></span> <span class='ocrx_word' id='word_1_186' title='bbox 2850 3086 3110 3138; x_wconf 90' lang='lat' dir='ltr'><strong>carere</strong></span> 
     </span>
     <span class='ocr_line' id='line_1_26' title="bbox 649 3174 3111 3264; baseline 0 -20"><span class='ocrx_word' id='word_1_187' title='bbox 649 3180 697 3244; x_wconf 80' lang='lat' dir='ltr'><strong>l</strong></span> <span class='ocrx_word' id='word_1_188' title='bbox 713 3200 751 3260; x_wconf 82' lang='lat' dir='ltr'><strong>l</strong></span> <span class='ocrx_word' id='word_1_189' title='bbox 741 3180 837 3244; x_wconf 45' lang='lat' dir='ltr'><strong>:isi</strong></span> <span class='ocrx_word' id='word_1_190' title='bbox 849 3196 1095 3263; x_wconf 71' lang='lat' dir='ltr'><strong>upum</strong></span> <span class='ocrx_word' id='word_1_191' title='bbox 1150 3182 1502 3264; x_wconf 87' lang='lat' dir='ltr'><strong>potestate</strong></span> <span class='ocrx_word' id='word_1_192' title='bbox 1563 3174 2049 3263; x_wconf 86' lang='lat' dir='ltr'><strong>dispensandi</strong></span> <span class='ocrx_word' id='word_1_193' title='bbox 2123 3177 2195 3243; x_wconf 93' lang='lat' dir='ltr'><strong>in</strong></span> <span class='ocrx_word' id='word_1_194' title='bbox 2246 3175 2797 3263; x_wconf 89' lang='lat' dir='ltr'><strong>impedimentis</strong></span> <span class='ocrx_word' id='word_1_195' title='bbox 2869 3177 3111 3245; x_wconf 89' lang='lat' dir='ltr'><strong>matri·</strong></span> 
     </span>
     <span class='ocr_line' id='line_1_27' title="bbox 649 3278 3111 3370; baseline 0.002 -22"><span class='ocrx_word' id='word_1_196' title='bbox 649 3288 981 3352; x_wconf 58' lang='lat' dir='ltr'><strong>ninnium</strong></span> <span class='ocrx_word' id='word_1_197' title='bbox 1030 3284 1563 3354; x_wconf 87' lang='lat' dir='ltr'><strong>dirimentibus.</strong></span> <span class='ocrx_word' id='word_1_198' title='bbox 1616 3278 2278 3352; x_wconf 73' lang='lat' dir='ltr'><strong>Eoetraordinario</strong></span> <span class='ocrx_word' id='word_1_199' title='bbox 2328 3289 2575 3352; x_wconf 88' lang='lat' dir='ltr'><strong>tamen</strong></span> <span class='ocrx_word' id='word_1_200' title='bbox 2609 3283 2771 3351; x_wconf 90' lang='lat' dir='ltr'><strong>iure</strong></span> <span class='ocrx_word' id='word_1_201' title='bbox 2815 3284 3111 3370; x_wconf 88' lang='lat' dir='ltr'><strong>Episco-</strong></span> 
     </span>
    </p>
   </div>
   <div class='ocr_carea' id='block_1_9' title="bbox 649 3388 3114 3480">
    <p class='ocr_par' dir='ltr' id='par_1_11' title="bbox 649 3388 3114 3480">
     <span class='ocr_line' id='line_1_28' title="bbox 649 3388 3114 3480; baseline -0.004 -13"><span class='ocrx_word' id='word_1_202' title='bbox 649 3416 789 3476; x_wconf 63' lang='lat' dir='ltr'><strong>lule-2⁴</strong></span> <span class='ocrx_word' id='word_1_203' title='bbox 833 3391 1284 3480; x_wconf 72' lang='lat' dir='ltr'><strong>quandoque</strong></span> <span class='ocrx_word' id='word_1_204' title='bbox 1330 3398 1569 3480; x_wconf 87' lang='lat' dir='ltr'><strong>potest</strong></span> <span class='ocrx_word' id='word_1_205' title='bbox 1623 3393 1968 3461; x_wconf 86' lang='lat' dir='ltr'><strong>relaxare</strong></span> <span class='ocrx_word' id='word_1_206' title='bbox 2026 3388 2679 3478; x_wconf 86' lang='lat' dir='ltr'><strong>impedimentum,</strong></span> <span class='ocrx_word' id='word_1_207' title='bbox 2712 3390 2920 3478; x_wconf 88' lang='lat' dir='ltr'><strong>quod</strong></span> <span class='ocrx_word' id='word_1_208' title='bbox 2968 3391 3114 3459; x_wconf 87' lang='lat' dir='ltr'><strong>irri-</strong></span> 
     </span>
    </p>
   </div>
   <div class='ocr_carea' id='block_1_10' title="bbox 649 3495 3107 3802">
    <p class='ocr_par' dir='ltr' id='par_1_12' title="bbox 649 3495 3107 3802">
     <span class='ocr_line' id='line_1_29' title="bbox 649 3495 3107 3586; baseline 0 -22"><span class='ocrx_word' id='word_1_209' title='bbox 649 3512 797 3564; x_wconf 76' lang='lat' dir='ltr'><strong>nnn</strong></span> <span class='ocrx_word' id='word_1_210' title='bbox 841 3498 1148 3568; x_wconf 74' lang='lat' dir='ltr'><strong>reddidit</strong></span> <span class='ocrx_word' id='word_1_211' title='bbox 1183 3499 1740 3568; x_wconf 87' lang='lat' dir='ltr'><strong>matrimonium</strong></span> <span class='ocrx_word' id='word_1_212' title='bbox 1778 3499 1927 3568; x_wconf 90' lang='lat' dir='ltr'><strong>iam</strong></span> <span class='ocrx_word' id='word_1_213' title='bbox 1968 3495 2263 3586; x_wconf 78' lang='lat' dir='ltr'><strong>publice</strong></span> <span class='ocrx_word' id='word_1_214' title='bbox 2288 3500 2785 3565; x_wconf 74' lang='lat' dir='ltr'><strong>contractam.</strong></span> <span class='ocrx_word' id='word_1_215' title='bbox 2825 3519 2863 3562; x_wconf 79' lang='lat'><strong>«</strong></span> <span class='ocrx_word' id='word_1_216' title='bbox 2899 3498 3107 3568; x_wconf 88' lang='lat' dir='ltr'><strong>Ultro</strong></span> 
     </span>
     <span class='ocr_line' id='line_1_30' title="bbox 649 3604 3106 3692; baseline 0.003 -25"><span class='ocrx_word' id='word_1_217' title='bbox 649 3612 865 3692; x_wconf 51' lang='lat' dir='ltr'><strong>inimi,</strong></span> <span class='ocrx_word' id='word_1_218' title='bbox 914 3608 1164 3678; x_wconf 88' lang='lat' dir='ltr'><strong>scribit</strong></span> <span class='ocrx_word' id='word_1_219' title='bbox 1210 3608 1653 3677; x_wconf 88' lang='lat' dir='ltr'><strong>Benedictus</strong></span> <span class='ocrx_word' id='word_1_220' title='bbox 1698 3607 1898 3692; x_wconf 89' lang='lat' dir='ltr'><strong>XIV,</strong></span> <span class='ocrx_word' id='word_1_221' title='bbox 1947 3604 2443 3675; x_wconf 90' lang='lat' dir='ltr'><strong>concedimus</strong></span> <span class='ocrx_word' id='word_1_222' title='bbox 2489 3606 2859 3692; x_wconf 88' lang='lat' dir='ltr'><strong>Episcopo</strong></span> <span class='ocrx_word' id='word_1_223' title='bbox 2928 3606 3106 3676; x_wconf 92' lang='lat' dir='ltr'><strong>illud</strong></span> 
     </span>
     <span class='ocr_line' id='line_1_31' title="bbox 653 3712 3106 3802; baseline 0.002 -26"><span class='ocrx_word' id='word_1_224' title='bbox 653 3715 1029 3784; x_wconf 46' lang='lat' dir='ltr'><strong>relaxandi</strong></span> <span class='ocrx_word' id='word_1_225' title='bbox 1076 3712 1521 3801; x_wconf 83' lang='lat' dir='ltr'><strong>facultatem,</strong></span> <span class='ocrx_word' id='word_1_226' title='bbox 1572 3732 1805 3802; x_wconf 88' lang='lat' dir='ltr'><strong>quam</strong></span> <span class='ocrx_word' id='word_1_227' title='bbox 1854 3713 2100 3782; x_wconf 90' lang='lat' dir='ltr'><strong>eidem</strong></span> <span class='ocrx_word' id='word_1_228' title='bbox 2150 3712 2536 3781; x_wconf 90' lang='lat' dir='ltr'><strong>ascribunt</strong></span> <span class='ocrx_word' id='word_1_229' title='bbox 2595 3712 2949 3782; x_wconf 88' lang='lat' dir='ltr'><strong>Silvester</strong></span> <span class='ocrx_word' id='word_1_230' title='bbox 2956 3766 3083 3782; x_wconf 92' lang='grc'><strong>......</strong></span> <span class='ocrx_word' id='word_1_231' title='bbox 3090 3768 3106 3800; x_wconf 88' lang='grc'><strong>,</strong></span> 
     </span>
    </p>
   </div>
   <div class='ocr_carea' id='block_1_11' title="bbox 647 3987 3110 4658">
    <p class='ocr_par' dir='ltr' id='par_1_13' title="bbox 657 3987 3104 4165">
     <span class='ocr_line' id='line_1_32' title="bbox 788 3987 3104 4067; baseline -0 -19"><span class='ocrx_word' id='word_1_232' title='bbox 788 3996 793 4024; x_wconf 78' lang='lat'>¹</span> <span class='ocrx_word' id='word_1_233' title='bbox 849 3988 1248 4050; x_wconf 74' lang='lat' dir='ltr'><strong>Reiffenstuel</strong></span> <span class='ocrx_word' id='word_1_234' title='bbox 1291 3989 1354 4047; x_wconf 80' lang='lat' dir='ltr'><strong>h.</strong></span> <span class='ocrx_word' id='word_1_235' title='bbox 1392 3996 1434 4048; x_wconf 77' lang='lat' dir='ltr'><strong>t.</strong></span> <span class='ocrx_word' id='word_1_236' title='bbox 1469 3989 1562 4048; x_wconf 92' lang='lat' dir='ltr'><strong>De</strong></span> <span class='ocrx_word' id='word_1_237' title='bbox 1604 3990 2086 4048; x_wconf 76' lang='lat' dir='ltr'><strong>consuetudine</strong></span> <span class='ocrx_word' id='word_1_238' title='bbox 2120 4008 2187 4047; x_wconf 81' lang='lat' dir='ltr'><strong>n.</strong></span> <span class='ocrx_word' id='word_1_239' title='bbox 2229 3987 2376 4048; x_wconf 92' lang='grc'><em>139.</em></span> <span class='ocrx_word' id='word_1_240' title='bbox 2405 4021 2450 4033; x_wconf 92' lang='grc'>-</span> <span class='ocrx_word' id='word_1_241' title='bbox 2486 3989 2757 4067; x_wconf 82' lang='lat' dir='ltr'><strong>Pirhing</strong></span> <span class='ocrx_word' id='word_1_242' title='bbox 2786 3990 2940 4050; x_wconf 90' lang='lat' dir='ltr'><strong>item</strong></span> <span class='ocrx_word' id='word_1_243' title='bbox 2972 3989 3037 4049; x_wconf 75' lang='lat' dir='ltr'><strong>h.</strong></span> <span class='ocrx_word' id='word_1_244' title='bbox 3063 3997 3104 4047; x_wconf 85' lang='grc' dir='ltr'><strong>ι.</strong></span> 
     </span>
     <span class='ocr_line' id='line_1_33' title="bbox 781 4087 3103 4165; baseline 0.001 -20.848"><span class='ocrx_word' id='word_1_245' title='bbox 781 4092 877 4148; x_wconf 53' lang='grc' dir='ltr'><strong>ΜΞ.</strong></span> <span class='ocrx_word' id='word_1_246' title='bbox 921 4089 1142 4165; x_wconf 89' lang='lat' dir='ltr'><strong>quique</strong></span> <span class='ocrx_word' id='word_1_247' title='bbox 1189 4088 1344 4146; x_wconf 84' lang='lat' dir='ltr'><strong>hanc</strong></span> <span class='ocrx_word' id='word_1_248' title='bbox 1387 4105 1521 4147; x_wconf 86' lang='lat' dir='ltr'><strong>esse</strong></span> <span class='ocrx_word' id='word_1_249' title='bbox 1563 4087 1716 4148; x_wconf 87' lang='lat' dir='ltr'><strong>dicit</strong></span> <span class='ocrx_word' id='word_1_250' title='bbox 1758 4106 2142 4147; x_wconf 88' lang='lat' dir='ltr'><strong>communem</strong></span> <span class='ocrx_word' id='word_1_251' title='bbox 2186 4088 2691 4165; x_wconf 85' lang='lat' dir='ltr'><strong>Iurisperitorum</strong></span> <span class='ocrx_word' id='word_1_252' title='bbox 2736 4088 3103 4148; x_wconf 82' lang='lat' dir='ltr'><strong>doctrinam.</strong></span> 
     </span>
    </p>

    <p class='ocr_par' dir='ltr' id='par_1_14' title="bbox 785 4185 2200 4261">
     <span class='ocr_line' id='line_1_34' title="bbox 785 4185 2200 4261; baseline 0.001 -17"><span class='ocrx_word' id='word_1_253' title='bbox 785 4192 801 4220; x_wconf 72' lang='lat'><strong>‘-&#39;</strong></span> <span class='ocrx_word' id='word_1_254' title='bbox 853 4187 1124 4244; x_wconf 71' lang='lat' dir='ltr'><strong>Sanchez</strong></span> <span class='ocrx_word' id='word_1_255' title='bbox 1172 4187 1279 4245; x_wconf 71' lang='lat' dir='ltr'><strong>lib.</strong></span> <span class='ocrx_word' id='word_1_256' title='bbox 1332 4185 1394 4245; x_wconf 88' lang='lat'><strong>7.</strong></span> <span class='ocrx_word' id='word_1_257' title='bbox 1443 4187 1613 4261; x_wconf 80' lang='lat' dir='ltr'><strong>disp.</strong></span> <span class='ocrx_word' id='word_1_258' title='bbox 1662 4188 1725 4246; x_wconf 87' lang='lat'><strong>4.</strong></span> <span class='ocrx_word' id='word_1_259' title='bbox 1780 4205 1902 4246; x_wconf 88' lang='lat' dir='ltr'><strong>nn.</strong></span> <span class='ocrx_word' id='word_1_260' title='bbox 1957 4186 2200 4245; x_wconf 86' lang='lat'><em>11-14.</em></span> 
     </span>
    </p>

    <p class='ocr_par' dir='ltr' id='par_1_15' title="bbox 647 4281 3110 4658">
     <span class='ocr_line' id='line_1_35' title="bbox 793 4281 3107 4360; baseline -0.002 -16"><span class='ocrx_word' id='word_1_261' title='bbox 793 4295 797 4303; x_wconf 81' lang='grc'>’</span> <span class='ocrx_word' id='word_1_262' title='bbox 845 4284 974 4344; x_wconf 71' lang='lat' dir='ltr'><strong>Ut&#39;r.</strong></span> <span class='ocrx_word' id='word_1_263' title='bbox 1024 4284 1391 4342; x_wconf 86' lang='lat' dir='ltr'><strong>Leurenium</strong></span> <span class='ocrx_word' id='word_1_264' title='bbox 1439 4285 1545 4341; x_wconf 81' lang='lat' dir='ltr'><strong>lib.</strong></span> <span class='ocrx_word' id='word_1_265' title='bbox 1605 4285 1660 4344; x_wconf 94' lang='lat'><strong>1.</strong></span> <span class='ocrx_word' id='word_1_266' title='bbox 1712 4286 1809 4342; x_wconf 78' lang='lat' dir='ltr'><strong>tit.</strong></span> <span class='ocrx_word' id='word_1_267' title='bbox 1858 4282 1922 4343; x_wconf 89' lang='grc'><strong>4.</strong></span> <span class='ocrx_word' id='word_1_268' title='bbox 1971 4292 2220 4360; x_wconf 77' lang='lat' dir='ltr'><strong>quaest.</strong></span> <span class='ocrx_word' id='word_1_269' title='bbox 2257 4284 2418 4343; x_wconf 85' lang='lat'><strong>406.</strong></span> <span class='ocrx_word' id='word_1_270' title='bbox 2482 4291 2543 4341; x_wconf 81' lang='lat' dir='ltr'><strong>et</strong></span> <span class='ocrx_word' id='word_1_271' title='bbox 2599 4301 2770 4358; x_wconf 82' lang='lat' dir='ltr'><strong>seqq.</strong></span> <span class='ocrx_word' id='word_1_272' title='bbox 2805 4300 2993 4359; x_wconf 87' lang='lat' dir='ltr'><strong>usque</strong></span> <span class='ocrx_word' id='word_1_273' title='bbox 3033 4281 3107 4341; x_wconf 82' lang='lat' dir='ltr'><strong>ad</strong></span> 
     </span>
     <span class='ocr_line' id='line_1_36' title="bbox 649 4380 3110 4456; baseline 0.002 -19"><span class='ocrx_word' id='word_1_274' title='bbox 649 4392 893 4456; x_wconf 55' lang='lat' dir='ltr'><strong>-fmsv-:sh</strong></span> <span class='ocrx_word' id='word_1_275' title='bbox 942 4380 1101 4441; x_wconf 87' lang='grc'><strong><em>410.</em></strong></span> <span class='ocrx_word' id='word_1_276' title='bbox 1150 4383 1496 4440; x_wconf 73' lang='lat' dir='ltr'><strong>inclusive.</strong></span> <span class='ocrx_word' id='word_1_277' title='bbox 1532 4414 1566 4427; x_wconf 93' lang='lat'>-</span> <span class='ocrx_word' id='word_1_278' title='bbox 1611 4384 1780 4443; x_wconf 87' lang='lat' dir='ltr'><strong>Idem</strong></span> <span class='ocrx_word' id='word_1_279' title='bbox 1823 4384 2060 4443; x_wconf 85' lang='lat' dir='ltr'><strong>Auctor</strong></span> <span class='ocrx_word' id='word_1_280' title='bbox 2104 4383 2237 4442; x_wconf 80' lang='lat' dir='ltr'><strong>fuse</strong></span> <span class='ocrx_word' id='word_1_281' title='bbox 2279 4383 2533 4442; x_wconf 86' lang='lat' dir='ltr'><strong>disserit</strong></span> <span class='ocrx_word' id='word_1_282' title='bbox 2576 4382 2637 4440; x_wconf 88' lang='lat' dir='ltr'><strong>in</strong></span> <span class='ocrx_word' id='word_1_283' title='bbox 2683 4382 2842 4440; x_wconf 89' lang='lat' dir='ltr'><strong>hunc</strong></span> <span class='ocrx_word' id='word_1_284' title='bbox 2889 4383 3110 4441; x_wconf 81' lang='lat' dir='ltr'><strong>Decre-</strong></span> 
     </span>
     <span class='ocr_line' id='line_1_37' title="bbox 653 4479 3105 4556; baseline -0.002 -16"><span class='ocrx_word' id='word_1_285' title='bbox 653 4484 865 4540; x_wconf 55' lang='lat' dir='ltr'><strong>talium:</strong></span> <span class='ocrx_word' id='word_1_286' title='bbox 913 4481 1164 4541; x_wconf 88' lang='lat' dir='ltr'><strong>titulum</strong></span> <span class='ocrx_word' id='word_1_287' title='bbox 1201 4483 1275 4540; x_wconf 87' lang='lat' dir='ltr'><strong>de</strong></span> <span class='ocrx_word' id='word_1_288' title='bbox 1303 4499 1532 4549; x_wconf 81' lang='lat' dir='ltr'><strong>causa,</strong></span> <span class='ocrx_word' id='word_1_289' title='bbox 1563 4483 2105 4556; x_wconf 72' lang='lat' dir='ltr'><strong>interpretatione</strong></span> <span class='ocrx_word' id='word_1_290' title='bbox 2149 4498 2252 4540; x_wconf 83' lang='lat' dir='ltr'><strong>seu</strong></span> <span class='ocrx_word' id='word_1_291' title='bbox 2293 4482 2704 4547; x_wconf 64' lang='lat' dir='ltr'><strong>eat-tensione,</strong></span> <span class='ocrx_word' id='word_1_292' title='bbox 2726 4479 3105 4554; x_wconf 78' lang='lat' dir='ltr'><strong>probatione</strong></span> 
     </span>
     <span class='ocr_line' id='line_1_38' title="bbox 647 4576 3022 4658; baseline -0.001 -22"><span class='ocrx_word' id='word_1_293' title='bbox 647 4596 709 4636; x_wconf 58' lang='lat' dir='ltr'><strong>rr..</strong></span> <span class='ocrx_word' id='word_1_294' title='bbox 753 4588 980 4652; x_wconf 35' lang='grc' dir='ltr'><strong>ν’·,ψ-ἰττα</strong></span> <span class='ocrx_word' id='word_1_295' title='bbox 1026 4582 1525 4639; x_wconf 73' lang='lat' dir='ltr'><strong>consuetudinis</strong></span> <span class='ocrx_word' id='word_1_296' title='bbox 1567 4598 1605 4639; x_wconf 80' lang='lat' dir='ltr'><strong>a</strong></span> <span class='ocrx_word' id='word_1_297' title='bbox 1649 4582 2032 4658; x_wconf 75' lang='lat' dir='ltr'><strong>quaestione</strong></span> <span class='ocrx_word' id='word_1_298' title='bbox 2080 4578 2237 4640; x_wconf 86' lang='lat'><strong>381.</strong></span> <span class='ocrx_word' id='word_1_299' title='bbox 2286 4580 2361 4638; x_wconf 80' lang='lat' dir='ltr'><strong>ad</strong></span> <span class='ocrx_word' id='word_1_300' title='bbox 2408 4581 2513 4639; x_wconf 81' lang='lat' dir='ltr'><strong>cit.</strong></span> <span class='ocrx_word' id='word_1_301' title='bbox 2562 4586 2813 4654; x_wconf 80' lang='lat' dir='ltr'><strong>quaest.</strong></span> <span class='ocrx_word' id='word_1_302' title='bbox 2861 4576 3022 4634; x_wconf 86' lang='lat'><strong>406.</strong></span> 
     </span>
    </p>
   </div>
   <div class='ocr_carea' id='block_1_12' title="bbox 3483 410 3488 1651">
    <p class='ocr_par' dir='ltr' id='par_1_16' title="bbox 3483 410 3488 1651">
     <span class='ocr_line' id='line_1_39' title="bbox 3483 410 3488 1651; baseline 0 0"><span class='ocrx_word' id='word_1_303' title='bbox 3483 410 3488 1651; x_wconf 95' lang='lat' dir='ltr'><strong> </strong></span> 
     </span>
    </p>
   </div>
   <div class='ocr_carea' id='block_1_13' title="bbox 3484 4132 3487 4874">
    <p class='ocr_par' dir='ltr' id='par_1_17' title="bbox 3484 4132 3487 4874">
     <span class='ocr_line' id='line_1_40' title="bbox 3484 4132 3487 4874; baseline 0 0"><span class='ocrx_word' id='word_1_304' title='bbox 3484 4132 3487 4874; x_wconf 95' lang='lat' dir='ltr'><strong> </strong></span> 
     </span>
    </p>
   </div>
  </div>
 </body>
</html>
