3509 5317
1807 476 2123 537 -90—

738 640 877 684 unu
931 616 1029 685 ob
1077 617 1438 687 recensita
1489 614 1992 701 incommoda,
2043 614 2277 701 potuit
2321 613 2802 683 nihilominus
2832 613 3004 685 dein
3040 631 3191 700 per-

737 728 1037 811 mittere,
1089 731 1168 794 ut
1214 725 1326 793 vir
1373 743 1458 794 se
1503 723 1881 793 dimidiate
1936 722 2231 791 cuilibet
2281 723 2496 791 uxori
2555 711 2900 807 traderet,
2950 741 3186 790 uxore

733 831 1060 916 ÷··[ualibet
1091 832 1374 920 integre
1404 851 1488 901 se
1534 830 1872 901 tradente
1922 829 2079 898 viro
2117 828 2159 896 ¹.

865 942 926 1005 5.
975 938 1320 1009 Ceterum
1369 945 1657 1008 certum
1706 943 1838 1023 est,
1887 938 2157 1007 dictam
2194 933 2822 1025 dispensationem
2856 956 2997 1005 seu
3029 954 3192 1004 con-

733 1046 1151 1116 tessionem
1182 1046 1505 1133 plurium
1544 1064 1873 1115 uxorum
1907 1063 2254 1114 cessasse
2279 1066 2320 1114 a
2358 1044 2521 1133 lege
2545 1046 2995 1134 evangelica,
3021 1063 3189 1132 qua,

741 1162 806 1220 ut
849 1172 1088 1240 nuper
1134 1153 1414 1223 dictum
1463 1158 1596 1239 est,
1630 1153 1969 1223 Christus
2002 1153 2561 1223 matrimonium
2597 1153 2694 1223 ad
2728 1154 3188 1240 primaevam

737 1264 849 1328 sui
918 1261 1442 1330 institutionem
1508 1260 1826 1331 reduxit.
1872 1296 1919 1309 -
1968 1261 2185 1331 Unde
2249 1269 2321 1330 et
2388 1260 2729 1330 infideles
2796 1261 2890 1330 ad
2965 1259 3189 1329 fidem

729 1369 1092 1454 1.÷:÷11versi‚
1143 1369 1203 1436 si
1254 1367 1508 1454 plures
1559 1368 1833 1438 habent
1894 1386 2192 1452 uxoreS,
2254 1368 2568 1454 cogendi
2629 1375 2833 1454 sunt,
2897 1372 2980 1436 ut
3036 1366 3195 1436 aliis

733 1474 1081 1561 dimissis
1131 1475 1380 1543 solum
1416 1476 1739 1576 primam
1779 1476 2176 1563 legitimam
2213 1476 2574 1545 retineant
2606 1493 2948 1560 uxorem,
2993 1472 3191 1561 quod

737 1600 1096 1668 expresse
1140 1580 1397 1651 definit
1448 1583 1920 1652 Innocentius
1970 1582 2061 1651 ΙΙΙ
2098 1580 2144 1650 ².

865 1691 927 1756 5.
980 1690 1212 1759 Porro
1262 1691 1410 1759 iam
1460 1690 1676 1758 etiam
1730 1690 1934 1776 Papa
1984 1690 2054 1756 in
2107 1688 2533 1777 polygamia
2582 1709 2679 1759 ex
2727 1688 2931 1758 nulla
2965 1707 3191 1758 causa

737 1785 1479 1884 dispensare'potest,
1528 1816 1703 1866 cum
1752 1803 2082 1883 potestas
2129 1797 2246 1865 illa
2298 1797 2362 1866 ei
2409 1817 2451 1866 a
2498 1797 2786 1866 Christo
2835 1814 3192 1865 com-,essa

741 1924 885 1968 nun
934 1906 1046 1987 sit,
1120 1921 1259 1971 nec
1335 1903 1479 1975 ulla
1555 1903 1777 1972 huius
1849 1903 2357 1972 concessionis
2427 1903 2909 1991 congruentia
2980 1920 3196 1990 appa·

741 2020 892 2080 lviii.
923 2008 966 2077 ⁸.
1364 2071 1369 2076 .
1735 2041 1747 2045 ·

869 2121 928 2184 7.
981 2115 1380 2187 Deducitur
1426 2117 1650 2203 etiam
1699 2137 1799 2188 ex
1845 2119 2074 2203 dictis,
2138 2117 2339 2186 nulla
2404 2115 2949 2186 consuetudine
3006 2110 3193 2183 effici

741 2248 797 2308 1³*
821 2243 960 2292 *sse
1008 2224 1273 2292 licitam
1327 2242 1655 2293 uxorum
1708 2224 2223 2312 pluralitatem,
2273 2224 2447 2310 quia
2483 2223 2685 2293 nulla
2727 2219 3191 2291 consuetudo

741 2332 873 2396 iuri
921 2332 1169 2398 divino
1219 2336 1291 2400 et
1350 2331 1665 2400 naturali
1726 2331 2097 2419 derogare
2171 2338 2440 2418 potest,
2506 2329 2640 2399 sed
2717 2335 3007 2398 tantum
3073 2328 3196 2396 hu-

741 2456 965 2505 mano
998 2435 1044 2504 ⁸.
2349 2474 2352 2475 ⁷
2846 2530 2849 2533 ι

869 2547 930 2614 3.
980 2545 1317 2614 Tandem
1369 2545 1779 2632 deducitur,
1834 2546 2388 2615 matrimonium
2454 2563 2502 2613 a
2560 2544 2981 2613 christianis
3035 2561 3198 2613 con-

745 2659 1076 2738 tractum,
1142 2661 1545 2740 postquam
1607 2660 2223 2723 consummatum
2286 2651 2523 2737 fuerit,
2595 2651 2889 2719 nonnisi
2958 2661 3197 2719 morte

738 2780 789 2824 -=.
817 2759 922 2828 *lvi
976 2776 1219 2846 posse,
1269 2777 1358 2828 ac
1405 2759 1716 2846 proinde
1765 2759 2144 2829 neminem
2192 2760 2287 2829 ad
2333 2759 2712 2827 secundas
2745 2759 3045 2844 nuptias
3080 2757 3199 2824 mi-

741 2885 958 2948 grare
1006 2884 1253 2953 posse,
1303 2867 1440 2935 nisi
1490 2868 1815 2953 primum
1867 2867 1961 2935 de
2007 2867 2348 2953 coniugis
2408 2873 2648 2934 morte
2707 2871 2960 2934 certus
3022 2883 3202 2933 nun-

745 2976 885 3040 iius
952 2974 1222 3044 allatus
1288 2975 1382 3043 sit
1417 2973 1459 3041 ⁵.
1533 2976 1748 3056 Quod
1811 2976 1870 3042 si
1929 2973 2117 3054 forte
2182 2974 2604 3043 secundum
2666 2974 2906 3042 inierit
2966 2973 3204 3043 matri-

745 3082 1103 3166 monium,
1153 3093 1226 3151 et
1266 3086 1442 3170 post
1487 3083 1627 3151 hoc
1685 3081 1779 3150 de
1846 3081 2129 3170 prioris
2192 3079 2348 3150 vita
2417 3079 2859 3165 constiterit,
2926 3078 3200 3150 relictis

741 3187 1182 3257 fisfsiltepinis
1235 3188 1784 3278 complexibus,
1861 3189 1965 3259 ad
2017 3189 2359 3280 priorem
2430 3188 2813 3276 coniuyem
2874 3193 3203 3258 reverta-

749 3312 871 3364 mr
905 3293 951 3363 ⁶.
1017 3334 1063 3345 —
1132 3297 1247 3365 Ad
1321 3316 1602 3366 novum
1668 3298 1884 3385 igitur
1948 3299 2506 3385 matrimonium
2572 3297 2986 3366 ineundum
3050 3315 3199 3364 non

745 3402 1016 3473 sufficit
1058 3404 1219 3472 sola
1265 3404 1604 3492 coniugis
1649 3405 1982 3474 absentia
2032 3410 2643 3492 quantacumque
2688 3405 2799 3490 sit,
2833 3403 2969 3474 sed
3002 3412 3198 3474 certa

745 3520 813 3576 el.
861 3511 1278 3581 authentica
1329 3511 1809 3597 requiruntur
1869 3516 2337 3599 argumenta,
2401 3531 2498 3582 ex
2556 3512 2836 3599 ‘quibus
2900 3511 3201 3581 moralis
3267 3557 3273 3564 ‚

745 3624 1049 3686 eruatur
1094 3617 1453 3687 certitudo
1501 3618 1594 3686 de
1643 3624 1901 3687 secuta
1950 3619 2256 3688 alterius
2302 3618 2642 3704 coniugis
2692 3623 2952 3691 morte.
3014 3619 3197 3688 Cum

881 3904 895 3940 1
944 3904 1039 3962 Ita
1084 3902 1216 3962 fere
1261 3903 1536 3963 Sanehez
1578 3909 1643 3964 et
1694 3905 1805 3964 alii
1850 3905 2031 3966 citati
2075 3923 2113 3964 a
2154 3906 2461 3965 Leurenio
2504 3923 2611 3980 qu.
2660 3906 2768 3962 cit.
2816 3902 2964 3962 171.
3018 3922 3084 3962 n.
3135 3901 3195 3960 2.

881 3999 900 4036 ²³
942 4000 1064 4060 Git.
1099 4019 1233 4078 cap.
1266 4003 1638 4077 qaudemus
1669 4003 1734 4068 8,
1780 4005 1859 4061 de
1902 4004 2220 4061 divortiis.
2261 4037 2303 4047 -
2345 4002 2476 4062 Gt'r.
2516 4002 2791 4062 Sanohez
2839 4003 2946 4060 cit.
2989 4002 3097 4061 leb.
3136 4000 3192 4059 7.

745 4100 914 4172 *ff-³2⁸³·
962 4098 1070 4157 80.
1124 4118 1193 4157 n.
1251 4099 1357 4159 14.

881 4196 900 4231 ⁵⁸
945 4197 1038 4254 Ex
1080 4196 1189 4256 eit.
1223 4216 1359 4275 cap.
1393 4199 1767 4272 yaztdemus
1799 4201 1863 4266 8,
1907 4201 1985 4257 de
2016 4201 2352 4267 divortiis;
2397 4200 2674 4260 Sanchez
2721 4200 2761 4257 l.
2798 4217 2853 4257 c,
2891 4216 2961 4257 n.
3001 4195 3064 4256 9.
3102 4196 3195 4255 ubi

753 4300 994 4368 iungam
1040 4293 1167 4351 DD.
1217 4293 1456 4372 allegat
1497 4296 1744 4355 seriem.

885 4393 905 4428 ⁴
950 4393 1224 4452 Sanchez
1270 4393 1425 4452 ibid.
1475 4413 1545 4452 n.
1604 4394 1708 4453 10.

881 4492 903 4525 ³
945 4490 1092 4568 Gap.
1142 4493 1215 4548 in
1244 4493 1624 4566 praesentia
1668 4490 1769 4556 19,
1812 4493 1892 4550 de
1922 4494 2337 4568 sponsalibus
2380 4501 2443 4551 et
2482 4496 2925 4553 matrimonio·
3024 4555 3031 4561 ,

885 4590 904 4623 *⁵
948 4589 1095 4665 Gap.
1145 4590 1455 4647 dominus
1502 4588 1564 4657 2,
1608 4590 1687 4647 de
1729 4592 2042 4650 secundis
2085 4594 2366 4668 nuptiis,
