3509 5317
696 506 877 566 -lto-

168 645 213 713 sti
238 646 306 712 633
331 643 517 712 sancitum
541 641 627 712 t'uit:
658 643 830 727 «ludaei,
866 643 930 730 qui
966 641 1190 711 dicistianas
1226 639 1403 709 mulieres

170 754 205 821 in
230 752 405 839 coniugio
440 752 599 837 habent,
635 752 910 821 admoneantur
944 751 993 820 ab
1028 751 1212 837 Episcopo
1247 747 1402 818 civitatis

170 859 299 946 ipsius,
326 865 365 927 ut
387 862 418 926 si
443 877 531 927 cum
548 858 602 928 eis
618 877 842 946 permanere
858 860 1022 946 cupiunt,
1040 855 1226 926 christiani
1245 854 1403 924 effician-

170 971 239 1034 tur.
266 965 374 1047 Quod
399 965 429 1033 si
451 966 629 1035 admoniti
653 966 848 1050 noluerint,
873 972 1112 1053 separentur:
1137 965 1223 1052 quia
1248 982 1322 1031 non
1341 981 1402 1049 po·

170 1078 240 1141 test
265 1071 425 1141 infidelis
448 1073 483 1140 in
509 1072 591 1141 eius
616 1092 837 1160 permanere
853 1073 1039 1161 coniugia,
1056 1090 1154 1160 quae
1171 1073 1244 1141 iam
1263 1072 1297 1139 in
1311 1072 1403 1139 chri·

168 1170 331 1258 stianam
368 1180 544 1249 translata
581 1187 638 1248 eet
668 1177 821 1249 fldem»
849 1180 870 1246 ¹.
894 1215 919 1229 -
942 1181 1030 1247 Post
1061 1178 1244 1248 eiusmodi
1279 1180 1402 1248 decre

170 1292 261 1369 tum,
287 1285 388 1372 quod
416 1286 575 1357 ludaeos
592 1286 711 1368 afficit,
730 1286 917 1357 Ecclesiae
929 1281 1195 1355 consuetudine
1209 1293 1400 1371 receptum

168 1404 234 1477 est
260 1410 307 1462 ac
330 1406 574 1481 praeceptum
599 1394 802 1479 inductum,
839 1413 886 1462 ne
922 1394 1061 1463 coniux
1095 1394 1143 1462 ad
1168 1393 1281 1463 fldem
1317 1412 1403 1462 con·

170 1519 308 1569 versus
332 1502 563 1588 permittatur
587 1502 905 1572 indiscriminatim
931 1521 1019 1572 cum
1037 1500 1173 1572 infideli
1191 1505 1401 1573 cuiuscum-

167 1627 242 1695 que
283 1617 408 1678 sectae
447 1610 614 1678 babitare
648 1609 699 1678 ob
734 1611 936 1701 imminens
970 1609 1222 1699 perversionis
1254 1610 1400 1700 pericu·

170 1713 248 1781 luni
268 1714 292 1781 ².
317 1753 340 1762 -
363 1716 558 1785 Praeterea
584 1717 615 1784 si
639 1715 739 1787 fideti
757 1735 832 1785 non
850 1719 1036 1806 integrum
1054 1731 1154 1786 esset
1169 1718 1242 1786 hoc
1258 1719 1292 1785 in
1310 1737 1401 1787 casu

169 1821 217 1890 ad
245 1822 340 1891 atias
366 1822 514 1909 nuptias
543 1823 708 1907 transire,
735 1824 926 1894 subiectus
954 1823 1048 1894 foret
1074 1824 1238 1893 servituti
1269 1825 1401 1910 prioris

170 1928 395 1999 matrimonii
419 1928 564 2018 absque
580 1949 649 1999 sua
667 1931 788 2016 culpa,
805 1950 893 2000 cum
911 1933 1138 2001 contrarium
1155 1931 1288 2001 doceat
1303 1936 1400 2019 Apo·

168 2038 300 2121 stolus
325 2056 490 2125 eumque
514 2039 604 2106 ratio
630 2038 742 2107 buius
767 2039 943 2126 privilegii
968 2039 1196 2109 concedendi
1221 2037 1330 2108 fuerit
1353 2058 1400 2108 ne

168 2142 300 2229 tidelis
326 2144 511 2232 praecepti
536 2147 756 2215 necessitate
780 2152 1164 2233 coactus'cogeretur
1195 2147 1304 2214 vitam
1323 2164 1403 2214 cae·

170 2251 282 2319 libem
308 2252 455 2339 ducere,
481 2270 576 2321 neve
600 2253 730 2321 timore
765 2255 1011 2322 continentiae
1047 2254 1257 2322 servandae
1292 2257 1401 2322 retra·

169 2358 539 2430 berenturintideies
562 2379 583 2428 a
608 2361 806 2431 christiana
830 2360 1067 2448 suscipienda
1091 2359 1166 2429 tide
1191 2358 1213 2428 ⁸.

236 2471 292 2537 47.
317 2467 411 2537 Cum
437 2469 507 2538 bae
532 2487 660 2556 porro·
678 2469 897 2555 quaestione
931 2469 1137 2539 arctissime
1171 2471 1401 2540 connectitur

169 2577 296 2661 altera,
322 2577 368 2645 de
392 2596 467 2664 quo
493 2596 629 2665 nempe
653 2579 796 2648 moneri
813 2596 859 2649 ac
875 2577 1097 2663 interpellari
1115 2578 1250 2647 debeat
1260 2577 1400 2645 coniux

169 2683 330 2753 infidelis
353 2704 373 2754 a
398 2683 507 2769 fideti,
532 2692 567 2754 et
590 2688 624 2752 in
653 2692 850 2774 utramque
874 2704 949 2754 non
984 2704 1118 2772 parum
1156 2684 1248 2753 tucis
1284 2683 1401 2753 effun-

170 2791 268 2860 ditur
292 2811 341 2861 ex
366 2793 408 2860 iis
424 2792 461 2860 in
479 2793 610 2877 primis
633 2812 732 2880 quae
747 2794 873 2863 statuit
889 2792 1067 2879 Synodus
1089 2792 1298 2862 vicariatus
1321 2793 1401 2862 Sut-

170 2898 349 2968 cbuensis
383 2916 482 2968 anno
508 2901 594 2969 1803
629 2900 835 2985 celebrata,
860 2909 898 2970 et
927 2900 962 2970 S.
987 2899 1023 2969 C.
1055 2899 1154 2970 Fidei
1191 2900 1403 2988 Propagan-

170 3006 240 3076 dae
265 3007 499 3094 praepositae
523 3008 739 3077 auctoritate
762 3007 980 3077 confirmata
1001 3006 1024 3093 ⁸,
1048 3013 1171 3095 atque,
1195 3007 1396 3096 apostolica

170 3111 267 3181 Sede
291 3113 533 3200 approbante,
558 3105 606 3183 ad
637 3132 771 3183 onmes
795 3115 1006 3184 vicariatus
1041 3113 1265 3201 apostolicos
1300 3113 1403 3183 Sina·

172 3237 255 3286 rum
282 3220 387 3289 etad
423 3238 541 3308 regna
575 3239 672 3308 quae
707 3218 804 3290 Sinis
839 3220 1029 3304 adiacent,
1055 3233 1211 3291 extensa
1238 3217 1260 3287 ⁵.
1298 3220 1400 3288 Haec

238 3444 247 3480 ¹
273 3442 420 3503 Refertur
440 3462 459 3501 a
481 3443 637 3504 Olerieato
668 3443 709 3502 de
739 3450 948 3502 sacramento
982 3450 1079 3500 matr.
1102 3442 1200 3500 decis.
1229 3442 1279 3500 11.
1304 3460 1337 3499 n.
1358 3441 1401 3497 35

173 3558 209 3599 ex
230 3559 298 3617 cap.
323 3540 447 3600 Iudaei
471 3539 524 3599 28.
549 3560 578 3617 q.
609 3541 635 3598 1.

234 3640 278 3697 At
299 3638 445 3697 eiusmodi
470 3638 662 3699 cohabitatio
683 3638 749 3698 sine
770 3638 959 3698 contumelia
980 3637 1139 3698 creatoris
1160 3641 1235 3706 eta,
1257 3652 1401 3712 expresse

172 3736 376 3811 permittitur,
399 3736 607 3797 decretalibus
627 3738 799 3797 iunocentii
822 3738 868 3798 111
890 3756 957 3816 cap.
975 3745 1100 3814 qttonto
1124 3736 1155 3795 7.
1176 3743 1209 3796 et
1229 3753 1296 3813 cap.
1318 3753 1403 3809 pau·

173 3834 286 3893 demus
308 3836 343 3902 8,
361 3835 399 3894 de
421 3836 582 3903 divortiis,
601 3853 678 3912 quae
700 3837 796 3898 multo
819 3842 957 3914 tempore
978 3842 1047 3914 post
1061 3838 1232 3897 toletanum
1254 3853 1400 3895 canonem

173 3930 255 3992 edita
278 3932 371 3991 fuisse
392 3937 525 3993 constat.

238 4029 410 4088 ²Sanehez
434 4030 489 4088 lid.
572 4031 609 4088 di
623 4051 658 4106 p.
684 4031 739 4090 75.
764 4050 798 4090 a.
827 4032 881 4091 12.

239 4126 412 4186 ³Sanchez
437 4127 490 4187 tto.
516 4126 547 4186 7.
571 4128 655 4203 disp.
682 4128 736 4188 74.
759 4124 796 4189 n.
823 4128 852 4190 9.

239 4225 319 4286 *Ex
350 4226 468 4286 litteris
490 4226 522 4286 S.
547 4226 580 4287 (i.
606 4227 654 4286 die
676 4226 721 4283 29
744 4228 839 4286 iunii
863 4225 956 4285 1822
977 4228 1059 4288 datis
1090 4237 1122 4287 et
1152 4229 1250 4287 eidem
1279 4228 1402 4302 Synodo

173 4324 312 4397 adiectis,
333 4342 411 4401 pap.
438 4324 505 4383 104
528 4333 560 4386 et
579 4344 679 4403 seqq„
701 4326 776 4386 edit.
801 4332 918 4388 recent.
943 4327 1059 4385 Romae
1084 4325 1171 4383 1869.

239 4424 319 4483 ⁶Ex
350 4424 475 4484 decreto
506 4425 537 4483 S.
561 4424 596 4485 G.
619 4425 655 4484 de
676 4426 882 4503 Propaganda
904 4426 962 4485 fide
985 4423 1029 4480 27
1051 4426 1189 4499 cupiisti
1214 4422 1315 4492 1832,
1342 4442 1400 4500 quo

176 4522 338 4581 statuitur:
362 4504 604 4582 «observantia
626 4523 805 4599 regularum
820 4524 852 4582 in
869 4523 992 4600 Synodo
1008 4522 1192 4582 Sutchuensi
1214 4521 1288 4580 anni
1309 4520 1401 4580 1803

175 4620 289 4679 eteius
320 4619 484 4698 appendice
511 4621 774 4698 praescriptarum
807 4622 993 4682 extendatur
1015 4621 1052 4681 ad
1073 4639 1179 4681 omues
1200 4621 1400 4698 Episcopatus

175 4724 206 4775 et
220 4717 397 4779 vicariatus
418 4719 602 4796 apostolicos
623 4721 654 4779 ia
672 4720 756 4780 Sinis
777 4725 809 4781 et
823 4723 929 4798 regnis
950 4722 1161 4782 adiacentibus
1183 4722 1397 4782 existentes».
