3509 5317
1772 497 2129 557 —418—

1587 761 1888 825 ‘rannus
1932 764 2323 814 SECUNDUS.

1397 910 1508 974 De
1558 903 1917 975 tribunali
1972 905 2509 977 constituendo,

857 1074 921 1138 4.
973 1070 1464 1138 accusatione
1496 1067 1604 1136 sic
1635 1075 1952 1155 recepta,
1987 1087 2272 1138 munus
2306 1068 2801 1138 moderatoris
2843 1074 3196 1139 actorum

724 1178 1141 1266 Epiacnpus
1193 1178 1305 1246 ve]
1341 1178 1497 1262 ipse
1527 1175 1665 1244 sibi
1699 1181 2058 1261 assumet,
2100 1175 2213 1245 vel
2255 1195 2483 1245 suum
2534 1176 2918 1245 Vicarium
2969 1194 3198 1262 gene·

728 1286 981 1370 ralem,
1029 1290 1157 1354 aut
1205 1286 1429 1354 alium
1488 1283 1814 1370 probum
1873 1287 1947 1353 et
2001 1290 2397 1372 expertum
2449 1284 2694 1352 virum
2747 1302 2789 1353 e
2834 1283 3042 1352 clero
3090 1284 3193 1352 ad

724 1394 901 1462 illud
953 1393 1337 1482 delegabit.
1389 1390 1735 1474 Similiter
1782 1391 2011 1461 alium
2063 1390 2307 1460 virum
2357 1389 2793 1479 designabit,
2842 1390 2973 1478 qui
3020 1408 3199 1459 can·
3276 1474 3285 1482 ι

724 1502 993 1570 cellarii
1041 1502 1285 1570 officio
1333 1498 1655 1589 fungens
1687 1498 2045 1587 quidquid
2080 1499 2175 1568 ad
2208 1516 2526 1569 causam
2553 1498 2883 1586 pertinet
2912 1498 2986 1565 in
3023 1503 3194 1568 acta

728 1606 1009 1694 referat,
1061 1630 1149 1678 ac
1197 1607 1631 1677 nominatim
1681 1607 2301 1695 interrogationes
2347 1605 2875 1676 examinandis
2922 1605 3198 1676 facien-

724 1718 881 1794 das,
933 1734 1349 1802 eurumque
1401 1711 1931 1799 responsiones
1977 1712 2253 1801 scripto
2302 1713 2713 1802 consignet.

857 1826 921 1890 5.
973 1826 1369 1890 Praeterea
1421 1822 1577 1907 ipse
1634 1821 2069 1891 Ordinarius
2127 1820 2434 1889 omnino
2482 1824 2773 1891 tenetur
2819 1820 3187 1909 deputare

724 1930 953 1998 alium
1009 1930 1249 1998 virum
1301 1927 1910 2015 ecclesiasticum,
1964 1932 2341 2014 quatenus
2390 1927 2647 1997 haberi
2696 1928 2952 2015 possit,
3003 1927 3189 1996 iuris

724 2042 1017 2106 scientia
1073 2045 1145 2106 et
1193 2038 1381 2106 vitae
1433 2035 1791 2122 probitate
1823 2037 2265 2123 praeditum,
2299 2037 2426 2123 qui
2463 2035 2906 2104 matrimonii
2941 2033 3195 2104 defen-

724 2166 849 2214 sor
897 2146 1185 2214 existat.
1237 2146 1425 2210 Eum
1477 2161 1657 2212 vero
1718 2143 2188 2231 suspendere
2238 2143 2351 2212 vel
2416 2161 2828 2229 removere,
2879 2143 2943 2210 si
2994 2143 3184 2211 iusta

724 2270 961 2322 causa
1009 2250 1341 2334 adfuerit,
1393 2262 1464 2320 et
1509 2251 1735 2319 alium
1797 2251 2245 2321 substituere
2305 2250 2392 2318 iis
2447 2250 2924 2338 qualitatibus
2974 2269 3193 2321 orna-

728 2366 881 2430 tum
937 2361 1321 2426 ordinarit]
1373 2376 1676 2445 semper
1722 2357 1835 2429 fas
1884 2362 2035 2429 erit.

865 2470 925 2534 6.
977 2466 1405 2534 praedictae
1437 2465 1950 2553 deputationes
1981 2473 2055 2536 et
2083 2466 2587 2553 delegationes
2635 2465 2705 2532 in
2757 2465 3058 2552 scriptis
3089 2464 3187 2533 ab

728 2574 1113 2642 sudium-it]
1165 2574 1365 2658 fiant,
1401 2581 1470 2643 et
1515 2593 1778 2644 earum
1814 2575 2233 2643 authentica
2282 2575 2727 2643 documenta
2768 2572 2885 2641 vel
2918 2573 3185 2641 saltem

728 2686 1005 2750 mentio
1057 2682 1125 2750 in
1177 2682 1357 2750 actis-:2
1401 2687 1749 2766 prostent.

857 2794 917 2854 T.
969 2790 1456 2858 ‘twlnderatnris
1502 2797 1842 2861 actorum
1892 2790 2027 2860 erit
2072 2790 2388 2859 tribunal
2439 2807 2880 2876 convocare,
2931 2792 3181 2875 partes

724 2902 793 2962 et
845 2902 1069 2966 testes
1117 2898 1357 2982 citare,
1413 2902 1489 2966 ut
1534 2900 1603 2967 in
1655 2897 2005 2967 iudicium
2040 2903 2568 2985 compareant3
2618 2895 2983 2966 terminos
3012 2894 3187 2964 dila-

728 3006 941 3070 tinnis
1005 3006 1433 3090 concedere,
1497 3006 1790 3092 quoties
1851 3006 2372 3075 rationabiliter
2419 3005 2517 3073 ab
2564 3005 2651 3074 iis
2700 3003 2825 3091 qui
2878 3003 2999 3071 ius
3061 3004 3183 3071 ha-

728 3110 917 3190 hant.
973 3122 1349 3198 petanturss.
1401 3112 1621 3182 edere
1667 3112 1958 3182 decreta
2010 3118 2081 3181 et
2125 3112 2362 3181 ordin·
2366 3112 2630 3182 itiones
2671 3129 2808 3198 pro
2858 3111 3178 3200 leguluri

728 3226 797 3286 et
849 3226 1033 3286 tecta
1093 3194 1425 3286 actutum
1477 3220 2029 3307 compilatione.
2079 3223 2287 3302 Quae
2334 3219 2585 3288 omnia
2635 3220 2913 3305 scripto
2960 3223 3176 3288 erunt

724 3326 1129 3410 exaranda,
1181 3338 1249 3394 et
1297 3330 1365 3394 in
1417 3328 1597 3396 actis
1645 3328 1826 3416 ipsis
1873 3328 2357 3398 recensenda.

857 3434 917 3502 8.
973 3430 1329 3502 Defensor
1377 3436 1827 3505 matrimonii
1874 3443 2281 3524 antequam
2317 3454 2597 3505 munus
2642 3434 2781 3503 sibi
2828 3435 3177 3503 commis-

720 3558 893 3606 aum
961 3542 1333 3626 suscipiat
1393 3559 1651 3611 coram
1723 3548 2062 3613 actorum
2136 3543 2611 3612 moderatore
2673 3542 3176 3611 iuramentum

724 3650 1125 3734 praestabit
1177 3650 1381 3718 tactis
1429 3650 1716 3720 Sanctis
1750 3650 2171 3740 Evangeliis
2204 3652 2297 3721 de
2331 3669 2647 3720 munere
2693 3667 2837 3719 suo
2886 3649 3179 3738 diligen-

724 3770 833 3822 ter
881 3758 953 3822 et
1001 3754 1425 3842 incorrupte
1479 3757 1981 3845 adimplend0‚
2016 3758 2416 3844 spondens
2454 3776 2539 3827 se
2587 3757 2836 3828 omnia
2874 3774 3062 3825 voce
3108 3760 3173 3825 et

722 3862 993 3946 scripti]
1045 3866 1567 3949 deducturum,
1617 3883 1815 3952 quae
1848 3866 1941 3935 ad
1978 3864 2424 3934 validitatem
2476 3863 2925 3933 matrimonii
2974 3863 3179 3932 susti·

723 3966 1049 4034 mendam
1101 3966 1441 4034 nunfai-re
1500 3966 1949 4037 iudicaverit.
2023 3968 2157 4036 Hic
2207 3965 2654 4037 matrimonii
2730 3963 3085 4036 defensor
3132 3984 3173 4035 a

724 4066 1201 4138 tnctmleratore
1249 4078 1584 4138 actorum
1638 4071 1980 4140 citandus
2013 4073 2148 4140 erit
2194 4071 2289 4139 ad
2338 4069 2707 4157 quaelibet
2739 4074 2924 4154 acta,
2961 4087 3056 4137 ne
3090 4068 3178 4134 vi-

724 4178 817 4242 tic]
869 4178 1217 4246 nullitatis
1277 4178 1712 4265 cslncidanu
1763 4180 2001 4250 eidem
2052 4198 2359 4266 semper
2414 4184 2484 4248 et
2544 4175 3174 4265 quandocumque

724 4298 885 4354 acta
917 4306 1341 4374 processna,
1369 4287 1502 4355 etsi
1527 4287 1867 4356 nondum
1896 4287 2263 4373 publicati,
2289 4282 3170 4366 eruntcommunicanda,

720 4414 1021 4482 semper
1081 4406 1153 4462 et
1217 4394 1851 4482 quandocumque
1906 4396 2067 4464 eius
2114 4395 2386 4481 scripta
2453 4391 2894 4479 recipienda,
2956 4397 3171 4477 atque

720 4502 893 4570 novi
949 4502 1261 4586 termini,
1313 4522 1401 4570 ao
1453 4501 1847 4590 flagitante,
1912 4500 2384 4590 prorogandi,
2433 4506 2515 4569 ut
2566 4518 2654 4568 ea
2702 4499 2974 4586 scripta
3025 4513 3173 4584 per-

720 4610 917 4678 ficiat
969 4614 1193 4698 atque
1241 4613 1606 4683 exhibeat.
