3509 5317
1759 540 1835 553 —
1886 507 2120 567 164-

843 644 1233 716 Censenda
1302 649 1552 715 autem
1601 652 1718 715 est
1786 643 2260 715 rationabilis
2308 664 2394 715 ea
2443 644 2912 715 consuetudo
2985 664 3181 733 quae

713 756 803 824 sit
849 753 943 823 de
991 772 1071 823 re
1118 753 1428 823 honesta
1496 758 1568 822 et
1619 753 1766 822 utili
1819 754 2272 842 reipublicae
2320 773 2456 822 seu
2521 753 2911 822 communi
2958 752 3180 821 bono.

713 864 1069 932 Doctores
1116 860 1423 949 quidam
1458 860 1972 930 rationabilem
2022 880 2198 931 esse
2231 860 2487 929 dicunt
2533 860 3179 947 consuetudinem,

713 988 907 1056 quae
954 968 1160 1036 nullo
1212 967 1655 1055 reprobatur
1685 968 1867 1037 iure.
1918 968 2304 1062 Siquidem
2355 968 2554 1041 aliud
2603 973 2717 1037 est
2762 967 2967 1056 quod
3016 987 3186 1037 con·

713 1077 1034 1146 suetudo
1103 1073 1553 1144 adversetur
1600 1074 2070 1160 (inchoative)
2122 1075 2261 1163 legi
2315 1075 2678 1160 existenti,
2729 1075 2903 1162 quia
2966 1094 3190 1162 expe·

713 1188 926 1255 diens
972 1183 1314 1253 eiusdem
1362 1183 1924 1252 consuetudinis
1972 1202 2162 1252 usus
2211 1188 2285 1253 et
2330 1183 2800 1268 continuatiO,
2835 1184 3188 1270 quamvis

713 1292 966 1364 forsan
1034 1290 1493 1377 culpabiliter
1563 1290 1951 1377 incoeptae
2022 1296 2094 1360 et
2151 1291 2532 1376 inductae;
2579 1326 2624 1339 -
2671 1295 2744 1360 et
2801 1290 2997 1359 aliud
3076 1295 3190 1360 est

717 1401 916 1488 quod
966 1397 1431 1467 consuetudo
1493 1395 1945 1485 reprobetur
1990 1417 2042 1466 a
2091 1397 2245 1487 leye
2300 1418 2395 1467 ac
2447 1395 2964 1486 prohibeatur.
3011 1431 3058 1444 -
3107 1398 3188 1465 In

717 1507 943 1576 dubio
990 1510 1240 1576 autem
1290 1505 1385 1576 de
1434 1505 1688 1575 valore
1735 1506 2323 1592 consuetudinis,
2361 1506 2423 1573 si
2462 1506 2650 1573 haec
2684 1503 2827 1592 legi
2859 1522 3189 1591 oppona-

717 1620 834 1680 tur
880 1613 1263 1699 duntaxat,
1315 1613 1959 1700 praesumendum
2017 1615 2130 1681 est
2175 1610 2435 1680 favore
2497 1610 3097 1695 consuetudinis;
3144 1646 3191 1658 -·

721 1724 777 1788 si
824 1723 1082 1789 contra
1155 1720 1550 1806 reprobata
1609 1739 1652 1788 a
1704 1719 1865 1807 lege
1914 1719 2006 1787 sit
2052 1738 2141 1787 ac
2195 1717 2588 1804 prohibita,
2640 1719 2997 1788 standum
3071 1721 3191 1786 est

721 1846 853 1916 pro
925 1827 1106 1915 lege,
1157 1830 1228 1895 et
1272 1825 1739 1895 consuetudo
1812 1825 2368 1912 praesumenda
2430 1830 2544 1893 est
2589 1824 3109 1895 irrationabilis
3147 1823 3190 1887 ¹.

850 1936 912 2002 4.
965 1932 1327 2002 Habenda
1375 1932 1684 2019 insuper
1716 1938 1833 2001 est
1864 1933 1963 2001 uti
2000 1930 2319 2019 legitime
2349 1929 2833 2019 praescripta
2879 1949 3193 1999 consue·

721 2041 898 2109 tudo
946 2058 1182 2127 quum
1232 2039 1549 2128 viguerit
1594 2044 1932 2126 tempore
1978 2041 2073 2110 ad
2126 2039 2783 2127 praescriptionem
2821 2058 2864 2107 a
2902 2037 3194 2126 legibus

725 2148 1071 2235 requisito
1106 2145 1152 2214 ².
1203 2147 1417 2216 quta
1487 2155 1739 2217 autem
1814 2148 2417 2217 communiorem
2488 2145 2954 2231 sententiam,
3012 2164 3193 2213 con-

725 2255 1044 2324 suetudo
1085 2255 1409 2345 ‘habetur
1457 2256 1558 2323 uti
1602 2254 1966 2341 longaeva
2016 2261 2087 2324 et
2118 2255 2214 2324 ad
2265 2255 2938 2342 praescribendum
2991 2253 3196 2322 suffi-

729 2364 949 2447 cienS,
999 2362 1303 2448 quando
1349 2380 1490 2449 per
1537 2361 1975 2430 decennium
2022 2360 2475 2431 continuatis
2532 2360 2821 2431 actibus
2866 2363 3197 2432 invalue-

733 2472 821 2537 rit
852 2466 896 2535 ⁸.
948 2469 1115 2537 Iura
1166 2469 1533 2556 siquidem
1610 2470 1995 2557 requirunt
2041 2469 2346 2556 lonyum
2422 2475 2715 2557 tempus
2766 2469 2856 2538 ad
2917 2468 3197 2537 haben-

733 2580 904 2646 dam
957 2576 1057 2645 uti
1107 2576 1428 2662 legitime
1498 2578 2035 2664 praescriptam
2107 2578 2733 2646 consuetudinem
2750 2596 2768 2664 3
2818 2578 3020 2665 atqui
3080 2577 3200 2647 de-

729 2681 1065 2751 nennium
1112 2683 1184 2751 in
1234 2684 1395 2752 iure
1442 2687 1554 2752 est
1601 2683 1897 2772 longyum
1956 2688 2248 2771 tempus
2284 2682 2329 2750 ¹⁸.

861 2793 955 2860 At
1004 2811 1182 2860 vero
1229 2797 1700 2879 compertum
1753 2792 2087 2875 babetur,
2134 2810 2283 2860 non
2333 2791 2678 2861 sufficere
2725 2792 3198 2877 decennium,

733 2900 860 2968 sed
936 2899 1207 2985 requiri
1277 2900 1604 2986 spatium
1678 2897 2194 2987 quadragyinta
2262 2917 2642 2967 annorum
2713 2904 2844 2967 aut
2904 2901 3201 2986 tempas

729 3004 1048 3093 longiae,
1088 3005 1215 3074 ubi
1259 3025 1360 3075 ex
1407 3006 1889 3092 abrogatione
1940 3006 2123 3093 legis
2168 3006 2578 3074 canonicae
2628 3023 2762 3091 per
2807 3009 3205 3073 consuetu·

733 3112 978 3181 dinem
1030 3113 1328 3182 obtenta
1365 3114 1681 3180 oriretur
1723 3110 2260 3199 praeiudicium
2311 3130 2450 3190 seu
2483 3111 3017 3181 detraheretur
3051 3110 3207 3180 iuri

733 3217 1067 3304 quaesito
1120 3219 1320 3287 tertii
1362 3238 1635 3306 nempe
1686 3219 2062 3289 Ecclesiae
2096 3218 2139 3286 ⁵.

863 3327 925 3392 5.
976 3326 1222 3405 Quare
1292 3345 1385 3395 ne
1448 3333 1728 3395 temere
1800 3324 2114 3396 facultas
2174 3327 2543 3414 Episcopo
2612 3330 2992 3395 astruatur
3061 3326 3205 3394 dis-

733 3433 1094 3516 pensandi
1164 3435 1261 3501 ab
1330 3434 1580 3522 aliquo
1653 3432 2041 3503 dirimente
2107 3436 2639 3521 impedimento
2711 3435 2784 3502 vi
2852 3434 3203 3504 inductae

733 3538 1307 3625 consuetudini&
1362 3560 1544 3628 prae
1602 3542 1837 3611 oculis
1906 3541 2254 3610 habenda
2324 3547 2502 3610 sunt
2559 3559 2648 3611 ac
2698 3541 2961 3610 sedulo
3030 3560 3205 3628 pen-

870 3828 886 3864 ¹
933 3827 1242 3899 Sanchez,
1304 3829 1527 3898 Suar.‚
1585 3828 1829 3898 Salas,
1889 3827 2211 3904 Castrop.‚
2267 3828 2463 3888 Oaiet.
2529 3826 2711 3887 citati
2785 3844 2822 3884 a
2895 3826 3204 3885 Laurenio

741 3925 844 3982 Mb.
877 3927 933 3983 1.
970 3928 1065 3984 tic.
1095 3923 1158 3983 4.
1191 3927 1270 3984 de
1313 3927 1697 3985 consuetud.
1725 3936 1972 4001 quaest.
2008 3925 2166 3984 375.
2203 3926 2338 3987 Ofr.
2367 3925 2557 3986 etiam
2589 3944 2717 4002 seq.
2746 3934 2998 4002 quaest.
3035 3925 3133 3987 37
3137 3926 3198 3982 6.

868 4024 893 4062 2
935 4025 1197 4084 Lauren.
1251 4025 1293 4082 l.
1340 4043 1397 4084 c.
1443 4032 1691 4100 quaest.
1746 4023 1902 4084 377.

866 4121 890 4157 ⁸
936 4121 1141 4191 Suar.‚
1189 4122 1443 4193 Bonae„
1490 4122 1870 4193 Masona-dua,
1920 4122 2025 4193 Sa,
2072 4122 2359 4199 Castrop.
2394 4126 2515 4182 etc.
2552 4139 2659 4197 ap.
2709 4123 2992 4180 eundem
3042 4122 3198 4180 ibid.

741 4227 985 4296 quaest.
1041 4219 1196 4277 378.

870 4315 895 4351 ⁴
934 4315 1085 4389 Ley.
1168 4316 1287 4373 ult.
1361 4314 1510 4374 Cod.
1577 4317 1655 4374 de
1714 4320 2105 4391 praescript.
2177 4317 2354 4389 lona.-
2412 4326 2631 4392 temp„
2690 4317 2728 4391 ἓ
2787 4317 2838 4374 1.
2896 4316 3069 4375 Inst.
3127 4317 3204 4374 de

741 4432 1015 4487 Μυσίῳ.
2564 4416 2569 4424 ’

870 4511 893 4549 ⁵
936 4512 1163 4583 Abbas‚
1213 4512 1576 4588 SperelliuS,
1627 4512 2009 4584 Masoardus,
2063 4531 2213 4589 quos
2283 4514 2445 4573 citat
2505 4517 2570 4572 et
2611 4513 2890 4589 sequitur
2932 4512 3206 4571 Reiffen·

741 4609 898 4668 stuel
947 4610 1054 4668 lib.
1113 4609 1169 4668 1.
1217 4611 1310 4666 tit.
1362 4607 1426 4668 4.
1474 4611 1554 4667 de
1596 4612 2076 4669 consuetudine
2119 4630 2191 4669 n.
2251 4610 2407 4670 109.
