3509 5317
841 498 1019 558 ..268-

316 644 455 715 descrit
477 646 552 713 iam
576 642 811 732 acquisitum,
836 643 935 711 istud
960 642 1128 711 nondum
1153 643 1224 712 dici
1248 649 1370 733 potest
1384 644 1558 732 deperdi-

314 756 394 820 tum
419 751 601 837 (Sanohez
628 751 646 817 l.
664 768 695 819 o.
720 757 757 818 et
779 748 1052 834 communiter).

382 861 499 928 Porro
522 857 672 927 unimus
695 858 756 928 ille
779 864 901 946 potest
924 858 1105 928 declarari
1123 863 1199 929 tam
1217 859 1340 930 uerbis
1356 872 1473 950 quam
1487 860 1555 949 fu·

314 966 392 1036 ctis.
421 970 514 1036 Dum
541 963 673 1034 uerbis·
685 966 908 1050 declaratur,
933 966 1056 1034 omnis
1072 965 1250 1036 dubitatio
1267 974 1304 1037 et
1319 969 1484 1055 suspicio
1501 968 1552 1037 de

314 1074 400 1142 inde
424 1071 634 1143 recedendo
659 1072 805 1155 tollitur,
821 1089 910 1140 cum
927 1071 964 1138 in
982 1071 1154 1159 hisquae
1177 1072 1342 1159 pendent
1357 1074 1409 1142 ab
1423 1075 1552 1143 animo

315 1187 389 1266 tuo,
413 1180 570 1267 simplici
601 1186 665 1247 tuo
696 1179 793 1247 dioto
829 1177 1008 1247 standum
1044 1179 1090 1247 sit
1125 1179 1308 1263 (Menoch.
1343 1177 1390 1249 de
1412 1179 1551 1249 urbitr.

314 1310 390 1359 cua.
407 1291 464 1357 84.
480 1309 516 1357 n.
535 1292 558 1357 6
580 1292 617 1357 et
639 1288 738 1375 sen).
762 1325 785 1337 -
808 1285 932 1354 Factis
955 1286 1166 1356 declaratur
1187 1285 1312 1376 primo
1328 1307 1378 1357 ex
1393 1289 1551 1358 assidua

315 1401 352 1467 et
374 1397 551 1465 diuturna
574 1395 799 1465 habitatione
822 1391 862 1476 (l.
879 1396 914 1460 2.
944 1393 979 1462 C.
1005 1391 1069 1462 ubi
1089 1399 1285 1463 senatores
1308 1399 1346 1463 et
1367 1394 1554 1479 nutricat:

217 1494 220 1499 ’
316 1505 423 1574 etita
448 1503 616 1572 decennii
642 1502 906 1573 habitationem
932 1486 1178 1571 sufficientem
1210 1522 1296 1574 esse
1327 1512 1368 1573 ut
1398 1524 1554 1592 praesu-

317 1616 452 1698 matur,
479 1612 590 1679 hahat
613 1611 838 1691 communis
860 1609 915 1679 vel
934 1610 1044 1678 etiam
1062 1610 1216 1681 brevius
1231 1619 1383 1700 tempus
1399 1614 1553 1683 arbitrio

315 1719 447 1787 iudicis
471 1719 654 1803 (Menooh.
680 1717 701 1785 l.
718 1738 749 1787 c.
775 1739 809 1786 u.
828 1720 896 1803 17).
919 1755 942 1766 -
968 1715 1158 1803 Secundo,
1185 1719 1217 1788 si
1241 1719 1354 1788 simul
1377 1739 1465 1789 cum
1493 1722 1557 1791 ha·

318 1825 491 1894 bitatione
514 1822 759 1894 transferatur
783 1824 870 1894 illuc
895 1825 1015 1893 maior
1038 1844 1128 1911 pars
1153 1825 1352 1909 bonorum,
1385 1845 1557 1912 praeser-

318 1934 382 2002 tim
408 1952 494 2002 cum
520 1930 680 2001 familia:
705 1932 873 2002 Barbosa
902 1930 963 2013 (de
986 1931 1053 2020 off.
1077 1937 1114 2001 et
1135 1937 1212 2020 pot.
1239 1930 1358 2022 Episc.
1388 1939 1492 2022 port.
1516 1936 1554 2002 2.

317 2042 423 2130 ulhp.
440 2046 474 2110 4.
499 2062 533 2109 u.
550 2044 613 2115 27)
636 2044 672 2109 et
693 2040 752 2109 alii
778 2039 917 2126 plures.
941 2077 965 2086 -
989 2039 1037 2110 Ut
1053 2059 1143 2109 vero
1160 2060 1209 2109 ex
1226 2040 1284 2109 his
1309 2045 1344 2109 et
1366 2038 1556 2109 similibus

317 2150 541 2220 coniecturis
566 2154 832 2234 praesumatur
856 2146 1007 2215 animus
1031 2147 1090 2215 ille
1114 2147 1302 2232 manendi,
1321 2166 1395 2216 uon
1417 2146 1557 2216 debent

318 2258 394 2327 otiu
419 2255 511 2325 iuris
535 2253 844 2344 praesumptione
868 2252 1062 2342 infirmari
1084 2253 1167 2339 (Cir.
1184 2257 1342 2323 Leuren.
1361 2255 1382 2323 l.
1399 2274 1429 2323 o.
1447 2253 1506 2324 lib.
1521 2262 1555 2323 1.

319 2370 462 2453 qrruest.
481 2367 562 2432 568.
588 2384 623 2431 u.
640 2362 683 2448 1).

360 2476 439 2567 Ι30.
465 2473 608 2553 Quibus
631 2471 668 2538 in
693 2469 774 2538 iure
797 2471 937 2557 positis,
963 2470 1161 2539 videamus
1187 2472 1225 2538 in
1250 2470 1352 2557 facto
1375 2489 1425 2539 an
1449 2489 1560 2557 paro·

319 2582 415 2650 ohus
438 2599 468 2648 s.
486 2579 672 2648 Francisci
696 2577 805 2647 luerit
827 2576 1009 2667 proprius
1032 2578 1330 2647 contrahentium
1348 2577 1555 2664 parochus

320 2688 377 2757 vel
395 2706 526 2756 eorum
544 2686 675 2755 saltem
694 2686 927 2769 alterutrius;
952 2700 974 2733 —·
997 2705 1045 2752 an
1072 2686 1196 2771 potius
1220 2682 1402 2775 proprius
1417 2704 1556 2755 eorum

319 2794 427 2865 inerit
450 2794 640 2880 parochus
664 2792 853 2862 Ecclesiae
877 2812 907 2860 s.
925 2793 1109 2862 Laurentii
1135 2793 1292 2862 civitatis
1314 2795 1356 2861 N.

388 2904 444 2970 Ex
468 2901 573 2969 dictis
597 2901 832 2987 apertissime
856 2904 965 2986 patet,
993 2900 1203 2986 parochum
1227 2919 1257 2968 s.
1274 2899 1461 2968 Francisci
1482 2900 1557 2967 dici

320 3028 394 3077 nou
424 3028 533 3096 posse
557 3008 698 3078 ratione
729 3007 990 3076 iurisdictionis
1018 3005 1220 3095 proprium
1253 2998 1556 3077 contrahentium

321 3116 528 3202 parochum
554 3115 602 3184 ad
627 3112 748 3182 aalide
772 3113 1026 3183 assistendum
1051 3114 1273 3184 eorumdem
1303 3107 1555 3200 matrimonia,

320 3224 388 3292 nisi
414 3227 559 3292 constet
581 3221 639 3291 vel
665 3224 695 3289 1.
721 3240 797 3305 eos,
823 3228 888 3291 aut
910 3239 1042 3290 eorum
1061 3221 1293 3307 alterutrum,
1312 3226 1482 3309 tempore
1499 3241 1558 3291 ce·

321 3330 534 3399 lebrationis
558 3329 781 3398 matrimonii
807 3329 987 3397 habuisse
1003 3329 1078 3397 iam
1095 3328 1323 3397 domicilium
1341 3338 1405 3398 aut
1421 3331 1558 3417 quasi-

309 3438 549 3520 ,domicilium
573 3437 608 3504 in
634 3455 677 3506 ea
704 3437 900 3523 parochia3
924 3473 947 3482 -
972 3435 1028 3503 vel
1053 3438 1085 3503 2.
1110 3436 1211 3522 quod
1237 3435 1351 3504 Titius
1375 3434 1484 3505 luerit
1507 3456 1555 3508 eo

322 3551 491 3631 tempore
515 3546 729 3613 censendus
754 3544 804 3612 uti
830 3560 967 3632 nuptum
992 3579 1014 3589 -
1036 3543 1095 3611 vel
1119 3546 1152 3612 3.
1169 3542 1270 3629 quod
1288 3544 1479 3630 parochus
1494 3544 1556 3628 illa

321 3651 589 3739 deleputionem
613 3652 796 3738 acceperit
819 3672 839 3719 a
866 3651 1031 3738 parocho
1056 3652 1115 3719 vel
1140 3652 1188 3719 ab
1218 3650 1413 3722 Ordinario
1448 3653 1554 3722 iuxta

321 3760 376 3828 cit.
401 3758 601 3827 Tridentini
626 3758 830 3827 decretum.

390 3866 500 3952 Atqui
518 3865 618 3934 nulla
637 3885 684 3934 ex
702 3866 761 3934 his
776 3866 896 3934 trihus
912 3866 1187 3953 hypothesibus
1203 3866 1239 3933 in
1257 3866 1443 3953 praesenti
1459 3885 1554 3935 casu

322 3973 489 4041 subsistit
511 3972 559 4041 ad
585 3972 698 4041 huius
722 3974 947 4042 matrimonii
972 3974 1138 4043 valorem
1164 3973 1439 4042 sustinendum.

387 4082 442 4148 31.
466 4081 510 4148 Et
531 4077 656 4167 primo
680 4080 832 4166 quidem
857 4099 928 4149 nec
952 4081 1067 4150 Titius
1091 4099 1161 4150 nec
1184 4081 1271 4150 Caia
1293 4080 1367 4148 ullo
1385 4078 1555 4150 frueban-

322 4190 382 4254 tur
406 4186 578 4263 domicilii
604 4187 661 4254 vel
686 4188 989 4275 quasi-domicilii
1015 4190 1095 4258 iure
1118 4192 1154 4256 iu
1180 4188 1355 4275 parochia
1388 4206 1418 4256 s.
1444 4189 1555 4256 Frau-

321 4294 407 4362 oisci
433 4301 601 4379 tempore
625 4312 701 4381 quo
725 4295 964 4364 celebrarunt
987 4295 1280 4364 matrimonium.
1306 4295 1345 4361 ln
1360 4295 1435 4391 hoc
1452 4295 1554 4363 enim

323 4400 479 4470 articulo
503 4396 709 4470 asserendo
734 4421 868 4470 omues
901 4404 981 4472 sive
1012 4403 1193 4491 coniuges
1224 4403 1302 4471 sive
1333 4406 1447 4471 testes
1469 4419 1556 4470 con·

321 4507 456 4575 cordes
480 4507 633 4575 omuino
657 4511 805 4577 suntin
830 4528 964 4578 eorum
994 4510 1229 4579 iudicialibus
1258 4508 1555 4595 depositionibus

322 4615 519 4683 iuramenti
546 4615 693 4684 viuculo
717 4616 835 4685 semel
860 4623 973 4704 atque
998 4618 1131 4685 iterum
1155 4611 1324 4685 firmatis.
1356 4616 1400 4683 Et
1422 4614 1459 4682 io
1485 4615 1557 4700 pri-
