3509 5317
1738 450 2166 516 -104—'

701 590 1148 660 rationabilis
1194 607 1423 661 causa
1473 592 1570 663 ad
1619 592 2216 678 dispensandum
2269 600 2518 663 metus
2554 595 2927 680 incussuS,
2979 615 3153 683 quo-

701 704 833 768 ties
877 699 971 768 de
1018 718 1106 768 eo
1155 697 1608 769 sufficienter·
1654 705 1960 786 constet,
2011 706 2092 769 ut
2138 701 2488 788 exemplo
2538 700 3031 773 confirmatur
3079 704 3145 771 in

697 825 922 875 L:musa
951 806 1363 875 Veronensi
1394 816 1466 874 et
1490 806 1872 876 Vicentina
1898 804 2388 894 matrimonii,
2418 809 2663 878 habita
2695 809 2817 880 die
2849 813 2933 879 21
2975 811 3148 879 maii
3254 819 3257 821 “

713 917 876 984 1343
925 924 998 984 et
1040 917 1128 983 29
1180 914 1351 982 iunii
1405 915 1603 983 1848.

825 1024 933 1091 35.
990 1020 1264 1100 Quinta
1294 1038 1532 1090 caasa
1563 1042 1586 1089 .·
1635 1021 2057 1099 Secundam
2089 1023 2648 1092 matrimonium
2676 1031 3152 1094 contractum

697 1132 785 1196 ‹ist-³
833 1126 1036 1216 facco
1083 1127 1179 1197 ab
1226 1128 1602 1198 alterutro
1649 1126 1959 1218 eoniuye
2004 1149 2175 1199 eam
2222 1127 2381 1199 alia
2422 1150 2753 1220 persona
2795 1138 2973 1222 post
3033 1131 3155 1200 ini-

701 1248 853 1301 mm
921 1233 1488 1304 matrimonium
1557 1242 1818 1306 ratam
1877 1257 2049 1306 eum
2107 1236 2355 1326 primo
2416 1236 2668 1306 adhue
2732 1238 3039 1307 vivente.
3112 1276 3152 1286 -
3201 1247 3207 1250 ’

701 1341 1079 1410 Eiusmodi
1127 1361 1357 1411 causa
1409 1348 1797 1430 tamquam
1847 1331 2159 1413 iusla'et
2206 1344 2663 1438 rationabilis
2711 1346 3010 1433 coniugi
3050 1346 3148 1412 in·

697 1451 985 1541 nocenti
1035 1469 1171 1537 pro
1221 1447 1779 1536 dispensatione
1827 1469 2059 1538 super
2095 1453 2568 1521 matrimonio
2605 1460 2765 1522 rato
2791 1451 3153 1541 suffraga-

697 1576 834 1644 μιν,
883 1559 1188 1646 quando
1236 1558 1355 1626 hic
1402 1558 1572 1626 odio
1623 1557 2065 1644 implacabili
2116 1557 2435 1628 afficitur
2466 1560 2536 1627 in
2573 1559 3150 1648 delinquentem,

697 1668 819 1748 qni
867 1663 1055 1733 facto
1106 1664 1268 1750 ipso
1315 1665 1630 1735 secundi
1677 1665 2021 1753 coniugii,
2087 1664 2463 1734 infensum
2525 1667 2868 1737 animum
2931 1681 3152 1756 atque

701 1775 1080 1842 inimicum
1128 1773 1447 1842 ostendit
1493 1792 1671 1861 erga
1720 1774 2214 1842 innocentem.
2262 1810 2306 1821 -
2356 1773 2571 1854 Quod
2619 1775 2681 1842 si
2716 1775 2828 1842 vir
2861 1784 3150 1844 tantum

697 1880 976 1948 misnen
1012 1880 1429 1965 patraverit,
1465 1885 1536 1948 et
1566 1880 1878 1948 alteram
1915 1880 2242 1967 puellam
2275 1881 2465 1949 adeo
2499 1878 2848 1967 fefellerit,
2876 1887 2958 1949 ut
2983 1899 3152 1950 eam

701 1987 1015 2073 duxerit,
1062 1988 1239 2073 quin
1291 1987 1478 2056 haec
1525 2007 1620 2055 ne
1645 1987 2148 2074 suspicionem
2175 1987 2480 2074 quidem
2509 1987 2788 2056 habere
2841 1989 3155 2074 potuerit

697 2096 789 2160 th:
837 2093 978 2162 alio
1027 2101 1326 2163 extante
1375 2092 1672 2164 foedere
1736 2113 1871 2180 per
1926 2095 2177 2180 ipsum
2245 2095 2436 2177 inito,
2490 2104 2665 2164 tunc
2725 2095 2867 2165 alia
2934 2099 3151 2166 etiam

697 2200 993 2286 s··†÷:1.1rgit
1060 2219 1289 2271 causa
1359 2201 1865 2288 dispensandi.
1938 2239 1982 2247 —
2054 2203 2159 2270 Eo
2232 2202 2344 2270 vei
2396 2206 2636 2290 magis
2698 2209 2913 2291 urget
2968 2205 3156 2274 eius·
3237 2275 3244 2283 ,

701 2304 896 2372 [nodi
946 2324 1198 2390 causa,
1234 2307 1315 2392 si,
1346 2315 1694 2376 manente
1728 2307 1972 2393 primo
2006 2308 2481 2377 matrimonio
2506 2309 2935 2395 simpliciter·
2973 2318 3148 2396 ratO,

697 2416 1011 2481 alterum
1065 2414 1643 2499 matrimonium,
1694 2412 1953 2482 initum
2005 2432 2142 2483 seu
2177 2422 2635 2502 attentatum,
2670 2414 2887 2486 fuerit
2933 2419 3151 2488 etiam

701 2527 1322 2588 sffJstSllmmatlhm.
1383 2522 1497 2589 Ad
1548 2540 1708 2590 rem
1770 2520 1988 2591 affert
2041 2521 2477 2608 exemplum
2540 2523 2951 2594 Cardinalis
3007 2528 3154 2596 De-

705 2632 897 2697 lfuna
939 2628 954 2660 ¹
1005 2635 1078 2697 et
1120 2629 1484 2717 allegatur
1532 2629 1629 2697 ab
1680 2629 1972 2716 Ursaya
2008 2626 2053 2695 ².
2104 2631 2214 2698 En
2264 2628 2635 2698 eiusmodi
2692 2633 3151 2718 exemplum.

705 2736 962 2805 Mulier
1007 2736 1405 2824 quaedam,
1454 2742 1761 2823 accepto
1824 2736 2177 2807 mandato
2239 2757 2279 2806 a
2345 2737 2503 2806 viro
2566 2738 2638 2805 in
2687 2757 2994 2811 carcere
3042 2741 3157 2808 de·

701 2850 914 2929 ivnto,
965 2844 1254 2932 sibique
1300 2845 1695 2913 coniuncto
1760 2846 1830 2912 in
1901 2855 2166 2932 quarto
2238 2843 2609 2915 affinitatis
2670 2846 2957 2933 gradu,
3011 2866 3155 2916 ma·

705 2951 1128 3021 tri-{monium
1183 2971 1315 3038 per
1363 2958 1929 3039 procuratorem
1989 2953 2377 3020 contraxit.
2459 2952 2836 3022 Incertum
2904 2967 3153 3023 tamen

705 3060 974 3128 inirinsit
1016 3077 1114 3138 an
1166 3078 1431 3145 reapse
1478 3060 1574 3128 ad
1625 3060 1851 3128 huius
1882 3060 2332 3129 matrimonii
2363 3059 2949 3129 celebrationem
2981 3079 3153 3130 cum

701 3168 891 3235 dicto
940 3175 1427 3253 procuratore
1474 3159 1883 3236 deventum
1931 3172 2149 3252 esset,
2199 3173 2269 3235 et
2315 3185 2412 3235 an
2454 3167 2911 3254 dispensatio
2943 3169 3042 3239 ab
3066 3167 3157 3240 af-

705 3276 997 3343 finitatis
1048 3275 1578 3361 impedimento
1629 3274 1871 3343 valida
1923 3273 2143 3343 fuerit
2191 3276 2474 3344 ratione
2505 3275 3033 3361 subreptionis.
3068 3282 3157 3345 At

705 3387 844 3448 lltjss
889 3382 1131 3469 primo
1180 3383 1653 3452 matrimonio
1680 3401 1816 3469 pro
1854 3382 2098 3453 valido
2134 3382 2382 3451 habito
2409 3388 2479 3451 et
2512 3382 2944 3469 simpliciter
2980 3395 3154 3469 rato,

705 3492 965 3558 widem
1016 3491 1282 3559 mulier
1327 3490 1667 3575 alterum,
1718 3491 1920 3559 iuxta
1971 3491 2374 3559 Tridentini
2408 3489 2751 3576 formam,
2787 3492 3158 3560 matrimo-

705 3600 904 3665 nium
956 3599 1107 3667 iniit
1150 3605 1223 3667 et
1266 3600 1825 3667 consummavit
1855 3617 2031 3667 cum
2064 3597 2216 3667 filio
2240 3598 2451 3686 primi
2480 3598 2841 3685 coniugis,
2892 3618 3154 3687 quam-

709 3708 813 3772 vis
859 3707 1046 3775 inter
1092 3707 1299 3792 ipsos
1331 3711 1619 3775 extaret
1651 3707 2270 3792 impedimentum
2321 3705 2634 3776 iustitiae
2663 3704 3005 3792 publicae
3039 3707 3158 3775 ho-

705 3814 1025 3882 nestatis.
1077 3814 1155 3881 In
1205 3813 1432 3882 dubio
1481 3832 1713 3898 super
1763 3814 1987 3881 huius
2032 3813 2346 3883 secundi
2398 3813 2846 3882 matrimonii
2915 3814 3157 3883 validi-

705 3928 886 4005 nile,
934 3921 1376 3990 sententiam
1443 3930 1748 4007 rogatus
1817 3939 1951 4007 pro
2022 3923 2323 3999 veritate
2385 3911 2628 3989 dictus
2690 3922 3157 4007 iurisperitus

713 4032 809 4096 lie
856 4028 1079 4113 Luca,
1129 4047 1265 4096 seu
1313 4027 1696 4116 quomodo
1744 4028 2298 4097 consulendum
2333 4033 2532 4096 esset
2564 4029 2633 4111 in
2669 4046 2876 4114 casu,
2913 4028 3155 4096 dilutis

705 4136 863 4202 aliis
909 4133 1483 4220 difficultatibus
1548 4135 1962 4221 respondit:
2030 4157 2067 4197 «ι
2099 4135 2318 4203 Aliud
2370 4154 2522 4202 non
2592 4153 2996 4222 superesse
3048 4152 3155 4202 re·

713 4240 1035 4309 inedium
1092 4241 1229 4309 nisi
1294 4241 1472 4309 illud
1535 4242 1909 4311 obtinendi
1969 4242 2605 4329 dispensationem
2674 4241 3154 4330 apostolicam

841 4464 858 4500 ¹
902 4464 1042 4521 Lib.
1096 4462 1277 4522 XIV.
1325 4464 1404 4524 de
1447 4467 1741 4525 matrim.
1788 4475 1972 4542 part.
2024 4466 2087 4549 2.
2138 4465 2455 4527 discursu
2501 4469 2567 4527 7.

840 4561 865 4599 ²
911 4564 1029 4621 Cic.
1081 4563 1352 4636 discept.
1403 4562 1515 4621 21.
1567 4583 1634 4621 n.
1690 4564 1844 4624 110.
1915 4634 1924 4642 ,
