3509 5317
1717 500 2075 561 -270—

668 649 900 721 super
947 639 1152 723 quod
1203 659 1448 727 neque
1496 642 1728 711 Titius
1778 642 2303 713 habitationem
2383 657 2720 731 unquam
2795 639 3145 710 habuerit

665 741 813 810 sub
863 746 1212 830 parochia
1262 766 1321 816 5.
1359 749 1749 835 Francisci,
1786 756 1856 819 et
1888 750 2090 838 quod
2133 752 2261 819 vix
2292 769 2383 821 eo
2415 769 2500 820 se
2529 748 2936 836 aliquando
2967 766 3146 816 con·

666 847 927 935 tulerit,
981 858 1059 919 ut
1105 853 1345 939 ipsam
1395 855 1490 923 ibi
1542 857 1935 944 degentem
1987 857 2356 942 inviseret,
2396 856 2513 928 vel
2546 863 2645 939 ut,
2684 853 3141 925 matrimonii

667 957 1150 1026 contrahendi
1176 978 1430 1048 causa,
1458 981 1633 1031 cum
1669 965 2001 1049 parocho
2033 965 2428 1033 consilium
2463 961 2833 1032 conferret
2859 962 3140 1045 (Actor.

664 1058 784 1129 fol.
820 1065 909 1148 9).

798 1171 907 1239 32.
958 1175 1090 1243 His
1137 1179 1436 1263 gemina
1501 1178 1809 1266 deponit
1868 1177 2119 1247 Titius.
2195 1180 2350 1247 Iam
2423 1178 2621 1247 enim
2695 1176 2961 1246 saltem
3038 1174 3142 1242 ab

664 1303 866 1355 anno
919 1292 1094 1359 1859
1142 1287 1600 1358 domicilium
1654 1289 1723 1356 in
1774 1288 2063 1359 civitate
2128 1292 2213 1357 N.
2264 1294 2334 1359 et
2394 1290 2555 1377 ipse
2617 1290 3015 1364 statuerat,
3069 1282 3145 1349 li-

663 1396 1226 1483 thographicam
1263 1402 1500 1465 artem
1535 1415 1933 1482 exercens3
1984 1402 2054 1466 et
2086 1398 2377 1466 nullum
2412 1394 2609 1465 aliud
2647 1392 2974 1463 habebat
3004 1389 3133 1457 do-

667 1503 1019 1571 micilium
1070 1508 1279 1573 extra
1331 1504 1529 1573 illam
1582 1504 1952 1574 civitatem
2017 1523 2217 1573 anno
2269 1506 2487 1588 1863,
2536 1521 2688 1591 quo
2760 1499 3139 1568 matrimo-

664 1611 871 1678 nium
922 1629 1098 1679 cum
1145 1612 1312 1681 Caia
1365 1613 1763 1681 attentavit.
1841 1613 1937 1680 In.
1980 1612 2228 1698 specie
2294 1629 2472 1681 vero
2520 1609 2771 1699 quoad
2835 1603 3139 1675 domici-

664 1717 845 1786 lium
898 1719 967 1786 in
1020 1720 1392 1805 parochia·
1423 1720 1646 1797 rurali
1697 1738 1756 1788 5.
1793 1721 2161 1789 Francisci
2233 1719 2665 1788 iudicialiter
2727 1720 3138 1800 interroga·

664 1830 804 1908 tua,
856 1827 1149 1914 absque
1211 1826 1354 1895 ulla
1422 1829 1649 1896 animi
1724 1828 2206 1897 haesitatione
2257 1827 2681 1913 respondit:
2735 1829 2971 1894 «Non
3032 1827 3133 1899 ho

666 1954 704 1994 «
740 1935 887 2001 mai
935 1946 1163 2004 avuto
1211 1935 1434 2004 alcun
1483 1936 1854 2005 domicilio
1887 1942 2079 2005 sotto
2114 1935 2358 2021 quella
2398 1935 2873 2022 parroechia,
2908 1934 3004 2002 ne
3040 1935 3129 2019 io,

668 2063 704 2104 (ι
738 2042 832 2112 ne
880 2044 1099 2113 alcun
1151 2044 1337 2112 altro
1387 2051 1712 2130 parente,
1764 2044 1902 2113 che
1949 2043 2018 2110 io
2068 2044 2326 2130 sappia
2364 2064 2424 2108 ».
2490 2044 2785 2111 Fatetur
2847 2057 2921 2112 et
2966 2043 3127 2128 ipse

664 2170 745 2219 se
797 2152 995 2220 illam
1047 2151 1448 2239 aliquando
1501 2152 1930 2238 parochiam
1987 2150 2304 2237 petiisse,
2356 2151 2491 2219 sed
2527 2149 2831 2218 rurandi
2868 2168 3120 2231 causa,

665 2278 1054 2346 nunquam
1111 2278 1290 2328 vero
1337 2261 1592 2327 animo
1656 2269 1726 2327 et
1789 2258 1884 2326 ibi
1932 2259 2129 2327 aliud
2191 2257 2561 2328 statuendi
2623 2257 3122 2326 domicilium:

669 2388 704 2430 «
740 2367 942 2436 Sono
990 2372 1181 2435 stato
1250 2373 1443 2435 sotto
1516 2367 1579 2435 la
1657 2367 2091 2452 parrocchia
2150 2367 2221 2435 di
2271 2384 2331 2433 5.
2381 2367 2799 2435 Franccsco
2852 2365 2968 2432 nei
3018 2370 3124 2432 tre

668 2495 704 2536 «
737 2474 910 2541 anni
961 2475 1219 2559 scorsi,
1269 2474 1512 2543 alcuni
1562 2474 1801 2561 giorni
1850 2476 2023 2561 ogni
2072 2493 2293 2555 anno,
2344 2472 2461 2542 nel
2513 2479 2767 2557 tempo
2817 2473 3125 2540 d'estate

669 2602 705 2643 ‹<
740 2599 783 2648 o
834 2581 1286 2668 d’autunno,
1337 2581 1405 2650 al
1452 2580 1609 2649 solo
1659 2599 1884 2670 scopo
1915 2580 1996 2649 di
2024 2580 2212 2670 sare
2246 2600 2348 2649 nn
2390 2579 2618 2669 po'di
2660 2597 3118 2669 campoque,

667 2710 703 2748 «
744 2708 786 2757 e
834 2708 1054 2758 senza
1108 2707 1290 2757 aver
1335 2688 1496 2757 mai
1536 2693 1768 2757 acuto
1828 2687 2081 2757 animo
2145 2688 2217 2757 di
2282 2688 2634 2757 stabilirvi
2698 2688 2767 2756 la
2833 2687 2985 2755 mia
3030 2686 3130 2753 di·
3200 2719 3211 2728 ·

667 2819 703 2860 ‹<
740 2816 973 2868 mora.
1025 2798 1502 2879 Quest'anno
1554 2799 1620 2865 vi
1674 2816 1865 2865 sono
1912 2804 2103 2866 stato
2152 2798 2300 2865 due
2348 2797 2583 2886 giorni
2633 2797 2832 2883 dopo
2882 2796 2925 2864 il
2979 2814 3126 2867 ma·

668 2924 703 2964 «
738 2904 1083 2974 trimonio
1117 2926 1179 2971 ».
1230 2905 1327 2973 Ita
1381 2913 1634 2973 autem
1697 2904 1952 2991 quoad
2018 2905 2236 2973 Gaiae
2286 2921 2578 2974 moram
2629 2904 2702 2970 in
2764 2921 2858 2971 ea
2920 2921 3124 2988 paro·

662 3010 848 3096 chia,
899 3012 994 3080 ad
1044 3013 1340 3081 tertium
1391 3013 2044 3100 interrogatorium
2095 3012 2568 3098 respondens
2601 3010 3120 3098 prosequitur:

666 3140 702 3178 «
740 3118 817 3185 In
866 3128 1149 3205 quanto
1200 3121 1320 3205 poi
1368 3140 1411 3189 a
1459 3120 1629 3189 Cala
1678 3139 1768 3188 so
1817 3120 1956 3188 che
1987 3119 2030 3189 3
2062 3126 2231 3188 nata
2269 3121 2337 3187 in
2373 3118 2616 3207 quella
2661 3116 3119 3205 parrocchia,

666 3243 703 3284 «
735 3243 823 3292 so
871 3225 1010 3292 che
1063 3225 1128 3291 vi
1179 3226 1269 3294 ha
1323 3226 1595 3295 abitato
1644 3228 1736 3296 da
1788 3227 2210 3314 giovinetta‚
2263 3245 2304 3294 e
2353 3228 2553 3314 dopo
2600 3226 2741 3293 che
2789 3225 2858 3292 io
2910 3225 2977 3292 la
3009 3241 3121 3291 co·

667 3349 1013 3417 «noscO,
1063 3334 1202 3402 che
1263 3353 1592 3403 saranno
1655 3336 1850 3403 circa
1921 3339 2218 3421 quattro
2291 3337 2506 3417 anni,
2557 3332 2675 3401 nel
2725 3340 2982 3419 tempo
3049 3329 3117 3397 di

665 3457 702 3499 «
736 3444 965 3508 estate
1014 3459 1058 3507 o
1105 3441 1176 3509 di
1226 3452 1563 3510 autunno
1614 3445 1675 3510 51
1724 3441 1767 3510 3
1815 3446 2063 3510 recata
2111 3460 2279 3509 essa
2351 3458 2536 3527 pure
2606 3458 2740 3527 per
2805 3437 3117 3526 qualche

666 3569 702 3610 ‹<
735 3545 955 3615 breve
1006 3551 1252 3635 tempo
1298 3570 1348 3616 a
1380 3547 1527 3636 far
1572 3568 1999 3637 eampayna
2065 3552 2134 3614 in
2206 3567 2382 3617 casa
2445 3548 2516 3616 di
2588 3565 2732 3616 una
2807 3566 2947 3616 sua
3011 3548 3113 3616 zia

667 3678 701 3716 «
735 3654 926 3724 nella
977 3655 1172 3724 detta
1224 3656 1663 3741 parrocchia
1709 3656 1979 3742 rurale,
2017 3675 2143 3724 ma
2173 3675 2321 3723 non
2353 3657 2451 3724 ho
2481 3653 2638 3723 mai
2681 3659 2951 3740 saputo
2983 3653 3117 3721 che

667 3784 702 3825 (ι
735 3761 871 3832 3113
923 3761 1141 3830 abbia
1192 3760 1424 3829 inteso
1472 3761 1553 3829 di
1593 3767 1872 3851 poetar
1918 3761 1995 3830 [ἀ
2041 3759 2091 3829 ic
2136 3781 2275 3830 suo
2322 3759 2729 3844 domieicz’O,
2783 3759 2877 3829 ed
2944 3758 3119 3828 anzi

665 3890 701 3931 «
736 3867 1025 3957 ritenyo
1094 3867 1680 3937 assolutamente
1749 3868 1799 3936 ic
1867 3869 2296 3954 eontrariO,
2354 3877 2642 3937 mentre
2711 3868 2782 3936 in
2855 3875 3115 3954 questo

665 3990 702 4037 <
737 3979 987 4062 tempo
1036 3974 1173 4044 ella
1222 3977 1323 4043 ha
1357 3983 1590 4045 aurato
1623 3995 1921 4064 sempre
1954 3975 2029 4045 la
2061 3997 2206 4045 sua
2238 3996 2422 4046 casa
2453 3972 2717 4044 stabile
2749 3973 2823 4042 in
2869 3973 3052 4042 citt&
3076 3997 3110 4036 »

662 4084 931 4167 (Actor.
980 4080 1125 4149 foll.
1163 4084 1430 4170 17-18).
2149 4155 2153 4161 ,

792 4190 901 4256 33.
953 4189 1156 4257 Haec
1202 4190 1470 4258 eadem
1519 4191 1998 4277 ingeminant,
2051 4191 2455 4277 resumptis
2501 4190 2684 4258 actis
2718 4200 2888 4276 post
2917 4188 3113 4276 quin·

661 4312 810 4380 que
857 4302 987 4362 aut
1031 4312 1172 4362 sex
1219 4313 1465 4363 annos
1512 4316 1552 4364 a
1605 4295 2191 4382 depositionibus
2238 4296 2693 4382 coniugum,
2743 4293 3112 4364 iudiciales

660 4406 909 4485 135135,
943 4402 1487 4489 praerogativis
1519 4404 1829 4490 praediti
1861 4404 1957 4474 ad
1988 4402 2221 4471 fidem
2254 4402 2325 4470 in
2360 4401 2631 4471 iudicio
2677 4400 3109 4471 faciendam.

661 4511 947 4580 Scilicet
979 4512 1205 4581 huius
1236 4513 1553 4600 duplicis
1588 4515 1999 4603 coniugum
2032 4514 2516 4600 depositionis
2548 4512 2830 4582 veritati
2870 4507 3108 4599 quoad

670 4617 954 4693 factum
1004 4626 1074 4689 et
1120 4622 1487 4707 animam,
1543 4623 1820 4709 quibus
1886 4622 2346 4691 domicilium
2415 4622 2746 4690 consistit
2817 4620 2915 4705 (n.
2961 4620 3102 4704 29),
