3509 5317
1354 455 1705 515 ...ml-.-

312 588 476 676 gali,
527 590 776 678 deque
819 591 1270 661 matrimonii
1317 593 1987 663 consummatione.
2050 594 2140 662 Et
2197 593 2393 661 idem
2459 598 2769 662 miralm-

312 714 403 764 ac
448 695 860 766 dolendum
910 703 1136 784 putat,
1187 702 1638 770 recentiores
1684 699 2057 788 quosdam
2093 699 2483 789 theologos
2513 702 2769 770 dru.··t1·i-

312 821 488 872 nam
540 804 1074 890 amplectentes
1121 807 1215 876 de
1265 806 1741 894 possibilitate
1774 805 2385 893 foecundationis,
2421 818 2769 878 maurim}

309 911 674 999 corporali
729 913 1059 984 mulieris
1108 915 1537 1003 integritate,
1587 935 1677 986 eo
1728 934 1971 1003 usque
2005 918 2497 1003 pervenerint,
2533 930 2613 986 ut
2653 942 2767 1003 [m-

311 1027 582 1091 tentem
634 1022 884 1091 dicant
945 1030 1229 1094 arctam
1291 1025 1729 1110 mulierem,
1779 1032 2156 1112 potentem
2205 1031 2276 1095 et
2338 1026 2573 1096 virum
2645 1030 2761 1114 qni

309 1134 703 1217 penetrare
751 1149 901 1200 non
951 1132 1210 1217 valeat,
1259 1131 1676 1201 dummodo
1725 1151 1823 1201 ex
1870 1140 2225 1220 suscepto
2275 1133 2391 1204 vel
2427 1136 2497 1202 in
2533 1154 2613 1198 na
2657 1158 2769 1202 rn-

308 1237 552 1325 ginae,
587 1237 703 1312 vel
739 1238 961 1309 etiam
995 1239 1066 1306 in
1101 1244 1353 1326 partes
1401 1239 1734 1308 maxime
1782 1240 2193 1309 exteriores
2242 1237 2423 1309 virili
2459 1246 2765 1318 semine.

308 1341 780 1414 foecundatio
827 1352 1203 1433 sequatur.
1256 1347 1470 1428 Quod
1518 1347 1579 1415 si
1631 1366 1894 1416 verum
1943 1354 2183 1432 esset,
2232 1350 2493 1418 ceteris
2569 1370 2769 1434 [wne—

310 1452 696 1536 termissis,
729 1452 1130 1523 dicendum
1167 1453 1355 1524 foret
1390 1455 1948 1524 matrimonium
1999 1458 2509 1528 consummari
2545 1458 2765 1526 etium

310 1581 443 1649 per
489 1560 948 1632 artificialem
997 1561 1667 1632 foecundationem.

447 1671 987 1758 Denegandum
1037 1679 1288 1740 tamen
1341 1688 1489 1738 non
1539 1676 1670 1756 est,
1722 1671 2176 1756 hymeneam
2244 1670 2769 1740 membranam

307 1796 538 1863 posse
586 1778 947 1866 integram
1000 1796 1468 1864 permanere,
1504 1778 1859 1866 quamvis
1889 1778 2164 1865 copula
2196 1778 2475 1865 pluries
2529 1782 2761 1850 hallin·

306 1881 994 1954 fueritTestantur
1056 1885 1251 1953 enim
1323 1885 1623 1970 medici,
1674 1883 2200 1954 mem-branam
2262 1884 2484 1954 catam
2549 1907 2769 1974 sarsi&

291 1990 720 2081 flaccidam
788 2010 989 2076 esse,
1043 1992 1142 2062 ita
1188 2001 1270 2062 ut
1312 1991 1523 2063 facile
1572 1992 1730 2061 viro
1800 1993 2019 2062 cedat
2061 1990 2103 2059 ².
2179 1992 2395 2063 Unde
2464 1995 2765 2082 quitiam

310 2098 612 2187 Physici
660 2099 1055 2185 affirmant,
1107 2101 1285 2169 nihil
1331 2101 1649 2183 obstare,
1700 2101 2111 2189 quominus
2158 2101 2521 2172 habeatur
2597 2126 2765 2170 wira

309 2207 765 2276 matrimonii
811 2208 1361 2277 consummatio
1429 2226 1561 2295 per
1610 2226 1866 2277 veram
1923 2209 2137 2295 penis
2199 2208 2765 2290 immissifflwm,

307 2319 491 2404 quin
543 2316 891 2403 hymenis
939 2317 1282 2386 laceratio
1330 2317 1641 2386 eveniat.
1713 2319 1830 2385 Ex
1877 2335 2028 2404 quo
2075 2316 2561 2390 concludunt.
2621 2342 2769 2386 nur

310 2422 512 2492 lieris
559 2423 1062 2510 integritatem,
1114 2429 1184 2493 et
1228 2428 1815 2511 consequentem
1861 2423 2275 2494 absentiam
2340 2426 2769 2494 carunmila*

307 2550 485 2600 rum
537 2528 1113 2619 myrtiformium
1159 2548 1310 2599 non
1360 2531 1811 2626 constituere
1876 2529 2297 2599 absolutam
2359 2537 2429 2600 et
2489 2546 2765 2602 curnam

308 2636 408 2707 de
456 2655 609 2706 non
658 2643 1184 2706 consummato
1234 2636 1706 2706 matrimonio
1755 2636 2352 2723 probationem.
2307 2634 2330 2670 ²

450 2745 637 2813 Cum
686 2745 916 2831 igitur
984 2744 1056 2812 in
1127 2744 1377 2814 causis
1448 2742 2123 2812 matrimonialibus
2170 2743 2264 2812 de
2320 2744 2765 2831 impcitrntiri,

310 2849 482 2920 sola
529 2851 867 2938 probatio
914 2871 1013 2920 ex
1061 2852 1467 2938 peritorum
1517 2851 1975 2938 inspectione
2024 2869 2173 2919 non
2222 2869 2525 2938 sempei
2577 2854 2773 2918 stiffi*

308 2959 460 3028 ciat
504 2959 599 3028 ad
648 2959 1160 3057 quaestionem
1210 2957 1727 3042 dirimendam,
1777 2955 1965 3026 aliae
2014 2957 2493 3045 probationes
2545 2962 2605 3026 in
2665 2962 2769 3026 iis-

309 3068 488 3138 dem
540 3067 793 3137 causis
841 3066 1318 3155 quaerendae
1367 3071 1562 3134 sunt.
2267 3097 2272 3102 ·

450 3176 685 3244 Porro
733 3179 1177 3264 argumenta
1221 3172 1316 3243 ad
1367 3172 1838 3259 probandam
1892 3173 2024 3240 viri
2075 3173 2194 3242 vel
2245 3172 2573 3243 mulieris
2649 3178 2769 3242 im-

311 3282 720 3370 potentiam
769 3281 910 3350 alia
958 3280 1306 3350 dicuntur
1343 3278 1692 3369 physica,
1747 3277 1887 3347 alia
1936 3277 2281 3349 moralia.

454 3387 782 3477 Physica
814 3407 1350 3476 nuncupamus
1381 3406 1578 3475 quae
1612 3392 1978 3457 eruuntur
2010 3407 2109 3457 ex
2139 3386 2588 3476 impectiosw
2625 3410 2677 3446 rr
2697 3414 2749 3454 η-

312 3515 591 3585 porum
642 3496 1068 3566 alterutrius
1116 3495 1230 3564 vel
1284 3495 1675 3583 utriusque
1722 3494 2081 3581 coniugiS,
2133 3512 2549 3582 eorumque
2597 3494 2773 3562 imre?-

312 3602 456 3687 εἷο,
510 3605 959 3673 sacramenti
1009 3602 1360 3689 religione
1407 3600 1744 3671 firmatis.
2256 3658 2263 3667 ,

453 3708 783 3782 Moralia
828 3710 1319 3798 appellamus,
1369 3727 1566 3798 quae
1615 3726 1750 3796 per
1798 3706 2214 3777 iudicialem
2247 3707 2649 3795 coniugum
2689 3730 2773 3778 al:

315 3808 614 3889 testium
665 3818 1204 3906 depositionem
1255 3836 1353 3885 ex
1400 3816 1584 3887 actis
1630 3815 1943 3903 aliisque
1990 3815 2462 3884 documentis
2509 3818 2573 3882 in
2621 3838 2777 3902 pru*

312 3944 541 3995 cessu
588 3925 1002 4012 compulsis
1046 3943 1184 3993 seu
1236 3923 1488 3992 relatis
1534 3925 1925 3992 eruuntur.

457 4029 682 4120 Signa
750 4039 1003 4100 autem
1073 4029 1546 4117 impotentiae
1616 4028 2123 4098 antecedentis
2195 4034 2268 4097 et
2334 4038 2777 4116 perpetuae,

316 4141 481 4209 sive
527 4138 867 4209 absoluta
916 4140 1010 4207 sit
1053 4139 1213 4208 sive
1258 4135 1587 4221 relativa,
1636 4135 1969 4219 inspecta
2017 4134 2180 4222 ipsa
2229 4136 2333 4204 rei
2379 4134 2665 4210 natura...
2709 4142 2769 4202 in

457 4381 476 4419 ¹
523 4380 793 4440 Esbach:
850 4378 1106 4453 Desput.
1156 4377 1559 4452 physioloqo-
1537 4376 1754 4435 -theoh
1810 4375 1981 4450 εἰπερ.
2024 4378 2084 4435 1.
2121 4393 2175 4434 e.
2211 4376 2276 4434 8.
2311 4393 2375 4434 α.
2415 4374 2475 4435 3.
2513 4402 2569 4450 μ.
2629 4378 2769 4430 ΗΜ.

454 4477 480 4515 ²
521 4477 653 4538 cfr.
706 4478 815 4538 eit.
849 4477 1015 4538 Acta
1064 4477 1283 4552 Apost.
1340 4475 1527 4533 Sedis
1571 4477 1645 4532 in
1695 4474 2039 4549 compend.
2085 4481 2200 4532 ete.
2243 4474 2364 4532 vol.
2401 4473 2561 4546 27*
2649 4478 2777 4526 '¹¹:2³

318 4586 382 4639 et
419 4595 591 4655 seqq.
638 4595 775 4636 cum
818 4576 1002 4636 notia.
1617 4599 1623 4602 ·
