3509 5317
870 496 1007 556 -6-

384 634 416 699 7.
441 631 664 700 Huiusmodi
688 631 1008 718 impedimentum,
1026 633 1128 720 quod
1152 632 1201 701 ab
1217 632 1355 700 erroris
1371 630 1549 718 qualitate

317 739 449 808 dicitur
464 737 696 825 conditionis,
713 741 888 828 quamvis
905 758 1063 810 romano
1077 742 1157 809 iure
1169 740 1375 823 inductum,
1390 743 1426 808 et
1441 740 1546 809 iuxta

319 849 507 935 quosdam
531 847 611 916 iure
638 858 794 919 naturae
819 849 875 917 vel
908 850 1076 936 gentium
1095 847 1117 934 ²,
1142 847 1307 936 nuptiale
1339 857 1463 917 mmen
1499 847 1550 916 di·

321 957 417 1027 rimit
438 957 724 1026 christianorum
750 955 881 1027 foedus
913 958 1000 1045 quia
1032 956 1283 1027 ecclesiastico
1314 956 1395 1026 iure
1428 958 1549 1026 sanci·

319 1070 398 1131 tum
418 1060 441 1129 ².
473 1064 523 1133 Ea
551 1069 672 1132 tamen
698 1062 833 1132 dirimit
858 1063 948 1151 lege,
975 1069 1015 1132 ut
1038 1065 1178 1132 coniux
1209 1063 1321 1148 liber,
1347 1068 1549 1151 postquam

263 1180 265 1186 ·
318 1169 470 1238 alterius
492 1169 663 1240 seruilem
686 1168 934 1240 conditionem
959 1171 1113 1255 rescivit,
1138 1189 1208 1240 nec
1223 1168 1319 1239 lacto
1344 1188 1413 1237 nec
1430 1171 1546 1239 verbo

321 1278 355 1344 in
387 1279 665 1347 matrimonium
688 1296 785 1348 cum
814 1279 998 1349 eiusmodi
1025 1297 1137 1348 servo
1165 1276 1225 1347 vel
1253 1295 1364 1346 serva
1396 1293 1551 1345 consen·

320 1386 416 1454 serit.
452 1386 489 1455 Si
513 1387 613 1456 enim
639 1388 730 1458 liber
753 1374 1001 1457 conditionem
1026 1386 1180 1455 ancillae
1207 1393 1294 1455 ante
1316 1385 1466 1471 nuptias
1489 1402 1550 1453 co·

320 1493 508 1579 gnoverit,
535 1494 593 1562 vel
624 1495 793 1564 eiusdem
825 1497 1002 1564 servitute
1035 1499 1121 1582 post
1151 1494 1300 1580 nuptias
1331 1491 1482 1580 cognita
1513 1491 1550 1559 in

323 1601 600 1670 matrimonium
625 1610 750 1672 tamen
775 1603 1016 1688 consenserit
1034 1606 1071 1669 et
1086 1601 1287 1684 viceversa,
1305 1599 1403 1668 valet
1418 1599 1550 1666 initum

321 1709 415 1776 inter
437 1711 744 1799 eosooniugtum
761 1708 784 1776 ⁸.
807 1746 830 1759 -
854 1710 956 1779 Haec
980 1708 1112 1778 eadem
1143 1707 1347 1797 ingeminat
1373 1707 1552 1794 Synodus

323 1816 525 1886 libanensis
554 1816 680 1904 quoad
714 1823 916 1903 utrumque
947 1833 1114 1883 errorem
1148 1832 1335 1903 personae
1367 1820 1403 1882 et
1428 1809 1551 1881 coodi-

325 1921 433 1992 tionis
449 1921 472 1985 ⁴.

769 2219 1041 2292 ARTICULUS
1064 2222 1105 2289 ll.
1137 2301 1140 2308 Ι
1213 2303 1216 2308 ‚

585 2380 587 2384 ⁷
667 2412 718 2492 lle,
735 2412 944 2497 inpedimento
967 2381 985 2480 a
1008 2413 1213 2481 simulatione.

391 2604 420 2668 1.
446 2603 724 2672 Matrimonium
753 2602 890 2672 dirimit
911 2601 1121 2688 simulatio,
1148 2621 1247 2690 quae
1276 2602 1435 2673 habetur
1463 2621 1552 2671 cum

324 2709 409 2797 quis
433 2709 558 2778 verbis
581 2710 733 2797 quidem
759 2711 816 2780 vel
840 2710 923 2780 aliis
946 2711 1113 2780 externis
1138 2710 1253 2798 signis
1276 2709 1382 2797 fingit
1404 2729 1446 2780 se
1470 2728 1558 2779 con-

323 2817 494 2905 trahere,
523 2823 560 2887 at
583 2819 709 2888 animo
737 2818 891 2888 omnino
915 2819 1099 2906 dissentit,
1132 2818 1269 2888 scilicet
1296 2819 1449 2888 intendit
1478 2837 1554 2887 non
1604 2865 1608 2872 -

324 2926 556 2995 contrahere.
581 2927 686 2996 Tunc
705 2926 805 2996 enim
829 2925 1021 2996 deficiente
1037 2944 1238 3013 consensu,
1263 2925 1387 2996 detlcit
1410 2933 1447 2997 et
1469 2928 1557 2996 sub·

324 3034 458 3102 stantia
480 3037 695 3104 contractus
712 3032 734 3101 ⁵.
965 3045 969 3053 “
1264 3113 1269 3122 ,
1522 3042 1534 3119 fi

390 3140 672 3210 Advertendum
698 3149 822 3212 lamen
847 3147 921 3229 est,
949 3159 1023 3209 non
1050 3142 1148 3210 idem
1181 3159 1333 3228 semper
1355 3140 1553 3210 terendum

233 3254 235 3258 ’
324 3266 409 3316 esse
432 3247 610 3317 iudicium
633 3250 669 3317 in
686 3248 779 3337 soro
802 3253 986 3335 casterno,
1021 3267 1141 3337 aeque
1172 3268 1217 3317 ac
1246 3249 1282 3316 in
1307 3247 1453 3317 interno
1485 3267 1555 3317 seu

323 3357 583 3426 conscientiae.
609 3357 648 3424 ln
672 3355 753 3426 foro
778 3359 876 3427 enim
902 3367 1058 3428 externo
1084 3357 1363 3427 matrimonium
1381 3357 1472 3442 eius,
1489 3358 1554 3444 qui

324 3461 410 3532 ficte
421 3481 463 3532 se
475 3466 708 3534 contraxisse
721 3469 875 3550 asserat,
891 3464 1057 3534 validum
1071 3464 1224 3533 omnino
1236 3469 1410 3534 censetur
1426 3482 1558 3551 quam-

324 3571 389 3640 diu
413 3572 598 3642 simulatio
626 3572 929 3643 luculentissimis
953 3592 1028 3641 non
1053 3572 1332 3641 demonstretur
1355 3589 1557 3659 argumen-

327 3676 408 3746 tisl.
432 3716 453 3728 -
478 3680 517 3748 ln
540 3678 1020 3750 loroautemconscientiae
1037 3680 1253 3749 huiusmodi
1272 3679 1554 3748 matrimonium

396 3938 406 3975 ¹
429 3938 494 3998 on.
518 3939 711 3998 Leureuium
727 3940 784 3998 tib,
806 3939 842 3998 4.
863 3941 911 3999 nt.
938 3939 969 3998 3.
994 3946 1119 4015 quaest.
1147 3939 1223 3999 128.

393 4034 500 4111 lOap.
524 4024 696 4112 proposuit
719 4039 762 4105 2,
787 4054 854 4113 cap.
884 4036 928 4094 ud
954 4044 1101 4104 nostram
1127 4035 1149 4093 4
1173 4044 1205 4095 et
1227 4038 1309 4106 ult,
1334 4037 1374 4096 de
1403 4039 1558 4114 contupio

325 4151 506 4192 servorum.
802 4211 806 4214 Δ
1183 4153 1186 4162 ⁴

394 4233 406 4270 ⁸
428 4233 488 4292 uit.
514 4249 608 4307 capp.
632 4230 655 4286 2
676 4240 708 4291 et
727 4231 761 4302 4,
782 4233 821 4292 de
843 4235 975 4308 coniup.
1000 4251 1082 4292 sero.

395 4331 406 4367 ⁴
429 4330 569 4406 Synodus
591 4330 740 4389 Libaueu.
767 4332 789 4389 l.
812 4332 866 4388 cit,
889 4332 908 4405 ξ
932 4331 963 4388 8.
990 4349 1049 4388 un.
1078 4329 1153 4394 1-2.

394 4430 406 4466 ⁶
427 4428 494 4489 uu.
517 4447 585 4506 cap.
608 4436 666 4486 tuo
689 4445 747 4486 uos
768 4428 827 4497 26,
848 4429 867 4502 ὅ
890 4446 948 4486 nos
971 4437 1093 4496 autem,
1113 4431 1153 4489 de
1174 4431 1383 4506 sponsalibus
1398 4432 1560 4489 etmatri·

328 4529 447 4586 monio.

395 4627 407 4663 θ
429 4627 475 4685 Ex
497 4626 551 4685 cit.
575 4643 649 4702 cap.
672 4624 728 4694 26,
749 4625 790 4684 de
810 4624 957 4700 sponsal.
982 4634 1013 4685 et
1033 4628 1180 4685 matrim.
