3509 5317
879 533 917 549 ..
938 501 978 561 32
1000 532 1038 548 ..

411 632 527 704 Linea
550 634 882 722 consanguinitatis
905 648 963 705 est
985 636 1103 705 series
1126 653 1196 704 seu
1220 634 1384 708 collectio
1402 635 1571 707 ordinata

343 761 593 831 personarum
618 742 824 813 abeodem
849 743 969 831 stipite
992 744 1310 813 descendentium.
1335 782 1357 791 -
1381 745 1575 815 Llneadu-
1641 835 1643 840 ι
1730 752 1731 759 ’

344 851 432 938 plex
455 856 520 920 est:
545 849 615 920 alia
640 854 759 936 recto,
780 855 816 920 et
831 856 889 919 est
904 852 1022 921 series
1037 869 1299 937 personarum,
1317 870 1481 939 quarum
1498 869 1574 920 una

344 958 393 1028 ab
416 959 534 1028 altera
557 957 770 1045 originatur.
795 957 969 1027 Biiariam
994 956 1252 1042 subdividitur,
1277 958 1455 1026 nimirum
1479 958 1515 1026 in
1541 957 1579 1026 li·

345 1084 457 1152 neam
480 1061 796 1150 descendentium,
824 1065 860 1132 in
891 1083 964 1152 qua
997 1064 1235 1134 eontinentur
1263 1083 1450 1151 personae
1477 1084 1576 1154 quae

344 1168 393 1238 ab
416 1167 706 1237 ascendentibus
729 1167 956 1252 derivantur,
982 1171 1023 1235 ut
1045 1164 1119 1252 lilii,
1144 1173 1309 1254 nepotes,
1334 1173 1573 1256 pronepotes,

344 1276 559 1363 abnepotes
584 1279 620 1343 et
642 1275 679 1342 in
703 1274 838 1343 lineam
863 1271 1158 1359 ascendentium,
1173 1273 1210 1340 in
1234 1291 1312 1361 qua
1334 1280 1576 1345 recensentur

345 1384 377 1471 ii,
401 1404 423 1453 a
447 1383 586 1471 quibus
609 1382 668 1452 alii
692 1381 836 1461 ducunt
858 1381 1052 1470 originem,
1078 1385 1119 1450 ut
1141 1386 1257 1468 pater,
1272 1400 1378 1466 avus,
1395 1401 1574 1469 proavus,

344 1491 501 1560 abavus.
525 1489 652 1558 -Alia
675 1488 807 1557 dicitur
831 1487 927 1558 linea
953 1492 1189 1573 transuerso,
1216 1487 1450 1574 collateralis,
1486 1490 1575 1559 obli·

345 1618 431 1686 qua,
456 1603 492 1668 et
514 1604 572 1666 est
593 1597 712 1666 series
735 1614 990 1683 personarum
1015 1594 1325 1666 descendentium
1350 1597 1501 1683 quidem
1526 1598 1575 1668 ab

345 1708 480 1775 eodem
503 1703 633 1790 stipite,
658 1721 820 1790 quarum
837 1707 965 1771 tamen
990 1720 1070 1771 una
1091 1703 1141 1772 ab
1164 1703 1235 1773 alia
1259 1721 1335 1771 non
1351 1703 1453 1798 ducit
1473 1704 1576 1793 origi-

344 1831 443 1900 nem,
470 1816 509 1881 ut
530 1811 644 1880 irater
666 1810 793 1896 patris,
818 1807 879 1878 lllii
905 1813 940 1878 et
955 1807 1053 1879 tiliae
1069 1808 1200 1896 fratris,
1219 1815 1376 1896 nepotes
1392 1816 1429 1879 et
1444 1816 1576 1899 neptes

346 1939 395 1990 ex
417 1919 541 2006 fratre,
566 1923 792 2006 pronepotes
816 1922 852 1987 et
875 1922 1077 2004 proneptes
1103 1935 1153 1985 ex
1175 1916 1298 2003 tratre3
1315 1918 1403 1987 item
1419 1924 1576 2006 patruus

346 2035 380 2099 et
403 2028 525 2113 amita,
552 2043 714 2114 magnus
738 2031 897 2111 patruus
921 2032 958 2096 et
979 2044 1118 2115 magna
1142 2027 1266 2104 amita,
1299 2044 1463 2113 magnus
1493 2046 1575 2114 pro·

347 2143 504 2223 patruus
527 2139 563 2203 et
585 2150 723 2219 magna
748 2131 943 2218 proamita.
967 2132 1082 2200 Linea
1099 2135 1313 2201 transversa
1334 2137 1390 2201 est
1406 2130 1576 2220 mortalis

346 2241 405 2311 vel
429 2237 651 2328 inaequalis,
678 2243 791 2326 prout
809 2238 1079 2326 consanguinei
1103 2237 1306 2325 aequaliter
1330 2237 1390 2308 vel
1406 2239 1577 2327 inaequa-

348 2348 426 2418 liter
449 2368 471 2417 a
494 2347 686 2415 communi
711 2345 830 2432 stipite
861 2345 1008 2414 distant.
1044 2344 1104 2414 Sic
1132 2344 1208 2413 duo
1232 2345 1376 2431 tratres,
1405 2345 1519 2416 trater
1542 2354 1578 2416 et

346 2474 456 2525 soror
478 2455 515 2523 in
540 2454 686 2542 aequali
710 2452 830 2540 gradu
855 2453 994 2523 distant
1016 2472 1038 2523 a
1063 2453 1256 2522 communi
1279 2453 1408 2540 stipite.
1450 2454 1578 2524 Frater

347 2580 438 2633 vero
462 2562 614 2632 distata
638 2559 712 2631 fllia
736 2559 861 2630 fratris
885 2560 944 2630 vel
961 2560 1104 2629 sororis
1121 2559 1381 2648 inaequaliter;
1406 2565 1443 2631 et
1458 2580 1577 2648 quum

345 2670 459 2740 irater
481 2688 506 2738 a
529 2669 648 2755 stipite
671 2668 781 2738 distet
805 2686 881 2737 uno
905 2666 1037 2755 gradu,
1055 2668 1138 2736 ideo
1159 2667 1291 2736 dicitur
1308 2685 1395 2737 esse
1406 2668 1442 2735 in
1455 2667 1577 2755 primo

347 2777 485 2867 gradu;
510 2773 584 2844 lilia
608 2774 730 2844 fratris
753 2794 873 2862 quum
898 2774 1007 2845 distet
1029 2773 1180 2843 duobus
1196 2774 1377 2861 gradibus
1402 2794 1429 2861 a.
1448 2770 1578 2862 stipite,

347 2885 430 2953 ideo
454 2882 587 2951 dicitur
598 2900 684 2951 esse
696 2881 732 2948 in
749 2882 918 2950 secundo
931 2880 1263 2967 consanguinitatis
1275 2881 1405 2968 gradu.
1421 2917 1443 2930 -
1456 2883 1578 2963 Quare

347 2989 459 3060 irater
475 2995 512 3058 et
533 2987 608 3059 fllia
631 2987 753 3057 fratris
775 2988 870 3057 inter
893 3007 936 3057 se
959 2988 1145 3057 coniuncti
1169 2987 1392 3057 dicunturin
1409 2988 1577 3057 secundo

348 3096 679 3185 consanguinitatis
703 3095 824 3183 gradu
850 3095 1050 3183 attingente
1074 3095 1252 3181 primum.

413 3204 446 3271 3.
472 3201 639 3291 [tepulae
656 3220 769 3288 porro
785 3200 833 3270 ad
850 3203 1126 3288 computandos
1142 3209 1178 3271 et
1193 3200 1480 3288 cognoscendos
1495 3218 1581 3270 con·

348 3308 605 3397 sanguinitatis
628 3309 780 3396 gradus,
808 3308 880 3379 hae
905 3313 980 3377 tres
1002 3309 1256 3378 communiter
1278 3313 1511 3378 statuuntur:

416 3411 551 3484 Prima
574 3414 729 3504 rapula:
753 3416 794 3483 ln
819 3414 916 3485 linea
939 3419 1044 3484 reeta
1059 3419 1137 3484 tam
1153 3414 1436 3485 ascendentium
1461 3432 1577 3501 quam

349 3522 657 3592 descendentium
681 3527 733 3591 tot
755 3527 845 3592 sunt
867 3523 1010 3610 gradus
1033 3527 1125 3610 quot
1147 3539 1344 3608 personae,
1370 3539 1446 3590 una
1476 3519 1577 3589 dem-

350 3635 420 3717 pta,
446 3648 582 3716 nempe
605 3629 735 3715 stipite,
761 3648 782 3698 a
808 3646 884 3717 quo
908 3628 1055 3698 ducitur
1078 3629 1199 3716 prima
1227 3630 1352 3717 origo;
1378 3629 1436 3699 vel
1461 3628 1579 3699 aliter:

349 3742 402 3806 tot
424 3742 512 3806 sunt
534 3738 678 3824 gradus
701 3740 793 3824 quot
815 3743 904 3806 sunt
926 3737 1188 3825 generationes
1214 3736 1236 3803 ¹.

419 3842 591 3913 &cunda
614 3841 758 3931 reputa:
784 3844 823 3911 ln
848 3844 952 3914 linea·
969 3849 1192 3913 transuerso
1214 3842 1367 3931 aequat·
1388 3849 1480 3932 quot
1501 3862 1581 3931 gra·

350 3951 460 4021 dibus
485 3968 669 4037 personae
692 3950 829 4022 distant
852 3972 875 4021 a
899 3951 1028 4039 stipite,
1054 3958 1107 4022 tot
1128 3952 1310 4040 gradibus
1333 3952 1470 4022 distant
1488 3950 1581 4020 inter

350 4078 393 4129 se
416 4058 447 4146 ²3
477 4077 556 4144 seu,
582 4062 634 4127 tot
663 4071 752 4127 sunt
786 4059 944 4147 graduS,
973 4065 1063 4147 quot
1099 4065 1189 4129 sunt
1219 4076 1405 4145 personae
1437 4059 1475 4126 in
1505 4076 1580 4128 una

419 4312 430 4350 ¹
453 4311 588 4389 Pirhing
611 4312 632 4372 l.
649 4331 676 4372 e.
701 4332 735 4400 a.
762 4313 803 4383 4,·
823 4343 861 4358 -·
885 4312 1024 4372 Sanchez
1048 4312 1069 4371 l.
1087 4330 1114 4370 c.
1139 4331 1175 4372 a.
1200 4311 1238 4378 t,·
1252 4319 1294 4357 -'
1312 4312 1484 4373 Laurenius
1507 4312 1529 4373 l.
1551 4331 1580 4373 c.
1643 4327 1645 4332 ’

352 4417 476 4487 quaest.
501 4408 582 4470 222.

417 4504 430 4543 ²
450 4505 535 4566 Haec
557 4509 667 4586 regula
688 4509 859 4570 desumitur
881 4526 920 4568 ex
940 4527 1008 4586 cap.
1032 4507 1076 4566 ud
1097 4506 1206 4567 sedem
1220 4507 1253 4567 2.
1270 4512 1303 4569 et
1323 4526 1391 4587 cap.
1406 4510 1583 4585 parentela

354 4605 411 4667 35.
429 4614 552 4681 quaest.
571 4607 603 4676 5,
619 4611 654 4667 ut
668 4611 778 4669 notant
792 4608 928 4685 Pirhing
944 4608 965 4665 l.
982 4624 1010 4666 c.
1029 4625 1063 4664 a.
1081 4605 1114 4665 5.
1131 4609 1165 4666 et
1179 4607 1317 4684 Sanchez
1335 4609 1356 4667 l.
1369 4627 1397 4669 c.
1415 4627 1450 4666 a.
1467 4607 1501 4667 5.
